3260 4742
693 171 988 238 ..81-

231 338 317 404 medi
342 338 460 404 vitiosa
483 338 556 405 vitii
576 342 773 424 propagatio
808 359 884 407 rara
911 361 978 406 non
1008 349 1075 411 est:
1110 324 1344 429 saepenumero
1376 366 1449 412 enm

231 455 430 540 patefactam
452 456 594 522 vidimus
617 475 637 522 a
659 457 738 523 viris
760 459 867 524 doetie
890 461 924 524 et
944 459 979 524 in
1000 458 1199 542 tragicorum
1215 459 1337 530 fabulis
1361 469 1394 531 et
1415 463 1449 530 ie

230 577 411 640 ceterorum
435 579 602 658 poetarum
627 573 839 642 carminibus.

315 689 351 765 2>
374 689 493 756 Phoen.
517 691 611 757 1505.
636 712 682 776 sq.

232 805 338 872 Verba
359 814 436 873 sunt
456 809 652 890 Antigonae,
675 830 777 896 qnae,
822 811 898 878 dum
930 815 1046 880 matris
1080 813 1286 902 fratrumque·
1311 835 1449 903 eorpara

232 923 264 988 in
288 943 420 991 saeuam
441 925 663 1010 proferuntur,
685 947 794 992 eorum
818 931 957 1045 mayn
978 930 1143 1017 deplorat:

316 1041 399 1109 1503
422 1077 463 1092 -
486 1079 524 1092 -
547 1043 624 1109 τίνα
645 1039 862 1132 μουσοπόλον
886 1044 1061 1134 στοναχὰν
1085 1044 1136 1112 ἐπὶ

316 1154 453 1248 δάκρυσι
477 1157 644 1249 δάκρυσιν,
667 1147 694 1224 ai
718 1159 824 1249 δόμος,
847 1148 873 1225 ui
896 1159 995 1250 δόμος

315 1275 568 1368 ἂνακαλὲσομαι
592 1278 671 1364 (eod
693 1277 721 1344 B
744 1275 1021 1368 ἂνακαλέσωμαν)

316 1397 436 1484 τρόσσα
459 1395 610 1487 φέρουσα
632 1394 714 1464 τόδε

318 1513 461 1608 σῶματα
484 1510 645 1603 σύγγονα,
667 1517 800 1608 ματέρα
823 1514 879 1583 καὶ
901 1518 1014 1599 τέκνα,
1037 1515 1191 1609 χάρματ’
1213 1517 1365 1611 Ἐρινύος.

318 1633 398 1708 Cum
420 1637 523 1706 tetum
546 1653 682 1724 prorsus
704 1655 838 1703 carmen
859 1637 1102 1716 (1490-1510)
1131 1638 1295 1725 dactylico
1318 1662 1451 1710 numere

236 1757 429 1825 adstrictum
454 1755 509 1836 eit,
531 1774 597 1821 non
619 1760 732 1840 potest
752 1774 818 1819 nen
840 1753 1014 1820 invenusta
1037 1755 1138 1820 videri
1164 1755 1234 1822 eius
1257 1757 1451 1845 interruptio

234 1871 503 1963 (σἰνακαλέσομαι
539 1909 581 1922 ·-
610 1907 652 1920 -
684 1878 717 1938 et
753 1850 914 1959 (0590an
939 1849 1023 1935 aaa}
1052 1867 1209 1956 σώματα)
1247 1895 1350 1960 neque
1386 1877 1453 1940 itm

235 1993 367 2060 dubium
391 1997 462 2074 eat,
492 1991 570 2076 quin
593 1989 644 2056 rel
665 1988 788 2056 vitione
810 1990 854 2056 sit
876 1996 974 2075 atque
996 1987 1143 2055 tollenda
1164 1993 1204 2054 de
1227 1997 1328 2058 textu.
1374 1989 1454 2058 Pro-

234 2111 399 2204 peeuerim
422 2130 482 2193 ego
515 2089 776 2176 emendationem
809 2112 841 2174 et
872 2105 1014 2186 fenilem,
1048 2108 1164 2188 erede,
1196 2117 1228 2173 et
1259 2111 1371 2176 sensui
1401 2130 1455 2176 ae-

232 2228 495 2295 *enmmedetnmz

483 2343 694 2430 ἂγκαλὲσω,
715 2347 793 2432 μὶα
816 2343 935 2432 τρίσσα
962 2342 1112 2430 φέρουσα
1137 2339 1214 2406 τάδε

485 2459 685 2553 πτώματα,
709 2456 857 2548 σύγγονα
879 2480 908 2526 e.
931 2481 961 2545 q.
985 2479 1010 2525 u.

239 2583 286 2649 Da
308 2579 523 2653 numeralium
547 2580 752 2666 oppositione
773 2582 836 2665 μία
859 2577 979 2666 apinae
1013 2597 1078 2641 nnn
1112 2590 1178 2656 est,
1209 2581 1295 2664 qued
1330 2581 1459 2660 dieam3

238 2698 320 2766 aden
343 2719 416 2766 eam
438 2703 568 2766 constet
586 2697 781 2784 Euripidem
801 2696 836 2761 in
858 2691 986 2759 deliciis
1010 2687 1174 2775 habuisse,
1196 2701 1253 2776 ut,
1275 2695 1458 2781 ubieunque

239 2823 362 2903 posset,
384 2835 425 2882 ea
447 2814 628 2880 orationem
650 2818 791 2880 ornaret.
1106 2889 1111 2898 .

326 2929 563 3012 Centaure,
594 2930 698 2998 Andr.
719 2931 794 3010 506,
816 2928 864 2995 El.
889 2929 984 3012 1302,
1007 2929 1085 2996 Hae.
1108 2929 1174 2996 880
1195 2949 1255 3015 σῳ,
1276 2928 1408 2996 Heraei.
1430 2930 1480 3008 8,·

242 3050 341 3136 Hipp.
364 3050 438 3131 258,
461 3047 611 3135 Sopheel.
634 3050 712 3116 Ant.
736 3049 786 3126 14,
810 3049 882 3139 liii,
905 3047 978 3113 Tre.
1000 3049 1075 3128 460,
1097 3047 1170 3112 539.

328 3167 582 3252 Praepositiouia
605 3185 753 3251 apeeopa
775 3165 855 3232 eatis
876 3164 1029 3251 frequens
1052 3170 1118 3240 est;
1153 3165 1194 3231 ef.
1220 3185 1249 3232 e.
1271 3185 1320 3248 gr.
1343 3165 1462 3232 Phnen.

247 3285 329 3350 1415
351 3283 508 3371 ἀμφέρει,
530 3283 572 3348 ib.
595 3284 669 3352 297.
693 3286 727 3348 et
736 3283 808 3348 788.
832 3283 1088 3348 Commendatur
1111 3287 1256 3348 aeterum
1277 3279 1462 3368 ἂγκαλέσιο

243 3401 305 3487 μία
329 3400 381 3466 vel
402 3400 508 3484 ipsius
530 3399 567 3483 B,
588 3398 666 3465 libri
687 3400 820 3485 optimi,
843 3400 1009 3483 scriptura
1030 3395 1319 3486 ἁνακαλὲσωμαν.
1365 3397 1463 3465 lirei-

237 3541 339 3604 ματα
378 3518 479 3583 trium
515 3523 715 3582 mortuorum
755 3534 894 3600 corpora
930 3517 1027 3581 etiam
1059 3517 1093 3580 in
1123 3536 1152 3580 v.
1177 3516 1258 3582 1487
1291 3516 1474 3604 Euripides·

247 3636 342 3700 dixit.

331 3739 365 3827 :ip
390 3752 505 3818 Brevis
528 3773 583 3818 arn
606 3758 647 3816 de
669 3750 772 3838 lphig.
797 3752 891 3816 'l'aun
916 3772 943 3814 v.
973 3751 1042 3816 180.

332 3869 457 3936 Chorus
480 3865 666 3956 iphigeniae
690 3877 723 3936 et
746 3869 938 3935 Atridarum
962 3866 1049 3933 anaia
1071 3874 1249 3934 enumerat.
1276 3867 1381 3935 traua
1402 3887 1468 3936 nna

251 3989 354 4056 retitur
377 3989 438 4054 nisi
462 3992 682 4074 anapaestico.
728 3988 856 4056 [ineerta
877 3995 985 4052 tamen
1009 3992 1059 4050 eat
1082 4003 1374 4052 mensuraverunt
1399 3988 1467 4052 tart:

474 4115 516 4182 [v.
543 4109 603 4172 188
626 4143 667 4154 -
690 4102 813 4184 ἄλλοις
834 4103 859 4168 d'
884 4094 976 4167 aiii-‚ar
1001 4102 1151 4192 προσέβα

488 4276 506 4304 ,,
544 4226 604 4294 189
627 4225 774 4314 χρυσέας
795 4220 890 4312 α’ρνὸς
912 4221 1089 4310 μεὶιίύροις
1111 4215 1235 4308 ndum-ni

1270 4395 1291 4483 i
