3260 4742
630 169 925 264 -otae-

173 368 245 418 mus
267 353 372 420 solum
403 350 541 416 offensui
569 349 624 426 ait,
658 351 696 412 ιιι
725 347 833 432 ipsum
864 343 999 410 verbum
1028 339 1130 408 tonius
1151 339 1216 406 loci
1244 358 1332 406 nexu
1360 345 1392 402 ct

173 487 271 535 seusu
292 470 448 535 vitiosum
471 485 542 532 esse
564 469 749 602 arguatur&
765 461 900 526 Hecuba
901 461 1087 598 somniis!0
1079 458 1237 526 exterrita
1258 455 1393 522 Noctem

175 591 208 650 et
221 583 382 650 Tellurem
405 584 588 721 invocat2ss
570 569 595 644 ei
613 580 732 645 σκοτία
756 565 913 660 νὺξοι
887 605 911 642 ω
937 601 1059 642 rorata
1081 571 1194 666 χθών.
1216 574 1275 644 His
1298 592 1394 658 prae-

175 701 276 765 missa
296 709 373 766 eunt
396 685 421 763 ui
446 694 592 786 στεροπᾶ
615 694 703 776 Διός.
747 695 861 781 Inepta
883 704 933 761 est
953 693 1204 778 scholiastarum
1232 694 1394 776 interpre-

174 815 268 897 tatio,
290 817 345 902 qui
368 813 513 904 στεροπᾶ
538 805 616 886 Διός
637 834 696 900 pro
721 809 829 902 ἡμέρα
853 814 993 900 positum
1018 832 1090 880 csse
1112 801 1266 878 clamant
1311 808 1395 888 Quid

176 931 261 997 enim
285 934 412 998 somnia
433 933 475 998 ad
496 932 608 998 diem?
639 929 750 1015 Itaque
773 928 811 994 G.
822 927 1027 996 Hermanuus
1049 926 1126 1007 Διός
1148 927 1276 1016 „coeli¹‘
1296 927 1395 993 iuter·

110 1089 114 1098 ·
176 1053 334 1136 pretatur,
355 1056 393 1116 ut
415 1055 560 1138 στεροπὰ
574 1044 651 1127 Διός
672 1048 754 1114 coeli
776 1047 892 1130 melgor
914 1049 967 1126 sit,
990 1047 1040 1114 vel
1056 1055 1284 1114 nocturnorum
1308 1046 1394 1113 side-

177 1184 248 1230 rum
279 1165 401 1232 lumen.
443 1165 595 1232 conferri
623 1185 721 1252 posse
751 1168 797 1232 ait
831 1185 903 1233 cum
940 1153 1090 1232 eiusdem*
1109 1152 1250 1231 ¹labulae
1280 1187 1310 1230 v.
1333 1164 1396 1230 705

178 1281 268 1366 (694)
292 1275 388 1368 ὄψιν,
421 1277 461 1345 eir
485 1279 607 1346 ἐσεῖδον
631 1282 722 1372 ἀμφὶ
745 1280 784 1367 τ’,
819 1271 845 1348 ri
869 1283 996 1364 τέκνον,
1020 1274 1130 1350 οὐκέτ’
1152 1276 1235 1349 ὄντα
1261 1279 1292 1345 ἐν
1322 1277 1399 1360 Διὸς

179 1395 273 1482 φάει.
314 1401 361 1492 dt
382 1422 457 1469 vero
481 1423 521 1469 ex
544 1400 594 1468 bis
617 1403 699 1490 ipsis
720 1402 829 1469 verbis
852 1407 992 1490 apparet
1006 1397 1084 1480 Διὸς
1105 1395 1191 1486 φάος
1204 1407 1236 1466 οι
1250 1396 1396 1488 creperi

179 1514 256 1596 Διός
275 1538 340 1584 non
363 1521 403 1586 de
425 1531 520 1588 noete
543 1520 603 1590 sed
625 1522 664 1590 de
687 1523 740 1590 die
763 1523 874 1610 potius
896 1522 972 1588 dici.
1016 1520 1127 1605 Neque
1149 1519 1396 1602 significationis

176 1631 319 1706 inversio
353 1641 512 1726 proximis
542 1640 649 1707 verbis
673 1628 698 1704 ui
722 1640 843 1704 σκοτία
867 1631 928 1720 νύξ
957 1637 1155 1723 explicatum
1189 1636 1287 1700 immo
1319 1634 1398 1716 „bb-

179 1775 277 1824 scura
298 1759 385 1821 nox“
408 1756 516 1824 lucem
541 1753 635 1842 pellit
657 1763 690 1822 et
710 1756 950 1842 interpretandi
970 1757 1107 1821 cenatus
1129 1752 1333 1819 densissimis
1348 1758 1396 1819 te·

179 1874 287 1940 nebris
310 1872 427 1939 obruit.
472 1847 642 1958 Utcundue
671 1873 773 1956 igitur
802 1878 861 1954 est,
895 1871 955 1938 boe
978 1869 1056 1939 mihi
1079 1875 1228 1938 constare
1258 1869 1397 1950 videtur,

180 1995 217 2056 ut
241 1985 387 2078 στεροτᾶ
410 1988 553 2069 verbum,
577 1990 624 2057 ita
647 1991 755 2076 ipsum
779 1990 957 2055 dorismuru
981 1988 1125 2056 eiusdem
1139 2007 1272 2073 prorsus
1293 1988 1397 2055 incer-

180 2115 249 2172 tum
271 2125 342 2172 esse
366 2124 470 2192 neque
493 2103 638 2206 refellere
661 2111 805 2172 nostram
830 2112 862 2171 et
885 2124 1036 2170 versuum
1060 2110 1092 2170 et
1113 2104 1330 2172 dialectorum
1349 2107 1398 2172 di·

180 2223 349 2290 ursionem.

264 2339 401 2408 Restant
422 2360 537 2410 versus
558 2346 695 2414 69-68.
739 2345 803 2412 Eos
827 2366 939 2413 omnes
963 2335 1181 2454 legitimorum
1205 2349 1409 2433 anapaesto3

180 2477 251 2522 rum
274 2475 409 2524 numero
412 2459 574 2568 adscribi
590 2465 704 2528 vetant
725 2481 799 2527 cum
817 2463 1011 2530 dorismus
1002 2482 1037 2528 m
1050 2483 1081 2528 v.
1093 2465 1146 2544 66,
1169 2459 1399 2552 διερειδομένα,

180 2579 249 2640 tum
272 2591 385 2639 versus
406 2525 455 2639 iii
470 2581 621 2642 metrum
665 2576 747 2644 Nam
772 2583 1002 2666 praeterquam
1026 2577 1113 2663 quod
1135 2579 1229 2644 deest
1251 2597 1399 2658 caesura,

180 2689 331 2756 inaudita
363 2697 414 2754 est
444 2690 529 2755 arsis
570 2691 766 2776 dissolutio,
810 2694 948 2759 servatis
987 2693 1090 2759 thesis
1128 2693 1294 2758 brevibus:
1339 2688 1400 2754 ld-

180 2807 274 2888 βετε,
267 2777 416 2896 φέρετε,
438 2807 579 2898 πέμπετ’
601 2809 728 2898 dripere
750 2834 827 2900 μου.
871 2809 933 2874 Ubi
956 2809 1043 2894 apud
1074 2807 1263 2893 Euripidem
1285 2827 1401 2894 prooe-

181 2923 438 2991 leusmaticum'
429 2945 464 2991 m
485 2926 707 3013 anapaestis
698 2925 859 3005 revenias,
883 2926 1022 2989 duorum
1045 2923 1167 3010 pedum
1192 2929 1301 3009 partes
1325 2930 1402 2990 sunt

182 3039 339 3128 syllabae,
362 3042 451 3110 volut
472 3041 552 3110 lion
574 3043 635 3108 145
658 3041 699 3129 i'<
721 3020 997 3130 ’dpelpe'prveooql
1011 3019 1400 3128 ἱκέτιςΙγοιιᾶτωνΙ,Τιο.

183 3161 242 3226 101
271 3157 581 3247 μεταβαλλομένου
612 3135 933 3246 δαίμονοςλανέχου,
955 3157 999 3232 ib.
1024 3159 1086 3222 176
1108 3157 1203 3224 τάσδ’
1231 3156 1402 3245 Ἀγομὲμ·
1467 3200 1470 3208 ·

182 3253 568 3364 οἴνῖςιῖπῖκουσομὲνη.
613 3275 721 3362 linum
743 3279 776 3342 et
799 3281 956 3362 quantum
978 3275 1055 3340 novi
1077 3276 1262 3362 exemplum
1287 3295 1402 3362 proee-

181 3390 366 3460 leusmatici
388 3414 487 3460 uuum
510 3393 682 3460 efficientis
704 3394 830 3480 pedem.
866 3390 1032 3478 Aristcph
1055 3391 1131 3459 nub.
1153 3393 1216 3462 917
1240 3391 1293 3456 διὰ
1319 3414 1354 3457 σε
1347 3391 1405 3458 δὲ

183 3507 308 3588 φοιτᾶν
330 3509 386 3592 (G
405 3510 517 3577 Herm.
540 3505 644 3574 eree'
669 3499 707 3573 eb
732 3507 929 3594 φοιτᾶνδὲ)
916 3510 1061 3598 ),qued
1089 3516 1124 3575 ut
1153 3511 1327 3594 genuinum
1349 3513 1406 3594 sit,

181 3629 292 3691 tamen
313 3646 372 3692 sex
395 3627 521 3720 breves,
545 3622 686 3709 λα’βετε,
708 3625 841 3715 φέρετε,
863 3628 1011 3712 quamvis
1034 3626 1266 3714 benepiugant
1290 3627 1405 3697 laben·

181 3743 225 3808 tis
247 3740 400 3809 Hecubae
422 3719 634 3824 debilitatem,
658 3745 691 3810 in
714 3742 869 3826 legitimis
903 3746 1091 3829 anapaestis
1122 3745 1202 3812 ferri
1231 3764 1296 3810 ιιοιι
1327 3765 1404 3833 ροι-

181 3863 269 3926 sunt.
296 3843 426 3926 'Malim
448 3862 550 3943 igitur
571 3859 796 3928 intercidendo
819 3863 895 3946 pest
917 3879 947 3925 v.
970 3860 1011 3926 61
1036 3859 1098 3926 duo
1132 3867 1315 3947 systemata
1336 3869 1404 3932 sta-

183 3983 293 4057 tuere,
335 3977 474 4044 elterum
504 3977 721 4061 legitimorum
757 3983 1010 4062 anapaestorum
1040 3980 1138 4044 attice
1175 3981 1407 4065 couscriptum.

180 4091 369 4161 liberiorum
393 4095 543 4174 alterum,
564 4097 599 4160 iu
621 4114 684 4180 quo
708 4097 742 4162 et
763 4093 1076 4180 proceleusmaticus
1098 4094 1154 4161 ille
1184 4103 1216 4162 et
1238 4097 1403 4168 dorism'us

182 4207 400 4316 διερειδομένα
425 4211 680 4300 conspiciuntur:
1199 4299 1220 4366 ὃ
