3260 4742
724 236 1070 324 ..rr-2

262 419 324 486 que
347 401 431 486 loco,
455 425 651 491 quamquam
672 425 737 471 non
761 409 831 473 sine
854 409 1071 489 dubitatione,
1094 411 1272 478 dorismurn
1304 413 1479 479 restituere

239 519 383 587 ¹malim.
1472 543 1474 548 ’

345 640 425 707 Cum
438 642 544 709 verbis
568 645 600 709 in
617 631 670 707 um
681 646 867 712 terminatis
880 646 1056 712 cohaerent
1067 647 1217 714 derivata
1228 659 1261 714 et
1274 657 1415 734 cognata
1428 653 1475 718 eis

259 760 392 826 nomina
402 761 472 827 sive
487 761 696 828 substantiva
709 765 778 830 sire
794 764 964 831 adiectiva.
981 766 1164 848 Quaeritur,
1181 769 1208 834 si
1222 770 1318 836 decis
1331 770 1475 836 idomat-

259 900 322 965 que
338 879 455 946 deillis
478 879 686 946 iudicandum
710 883 764 961 sit,
782 882 814 948 id
826 885 911 969 quod
924 903 1043 967 negare
1056 904 1122 950 non
1136 885 1257 953 dubito.
1282 887 1363 954 Nam
1376 890 1476 954 rerba

259 1007 388 1094 quidem
412 1005 488 1089 ipsa
510 1003 772 1067 terminationem
795 1003 1007 1069 similitudine
1031 1007 1116 1069 inter
1131 1025 1166 1070 se
1181 1008 1354 1072 coniuncta
1371 1013 1475 1089 erant,

257 1135 293 1192 nt
315 1123 411 1190 facile
433 1124 467 1187 in
489 1122 637 1196 omnibus
660 1120 745 1186 idern
770 1147 790 1185 a
808 1121 984 1202 videretur,
1007 1143 1110 1210 neque
1133 1125 1280 1191 inusitati
1299 1129 1474 1213 quidquam

257 1246 291 1310 in
314 1243 379 1310 ullo
412 1239 554 1306 haberet.
585 1239 741 1306 Derivata
773 1247 892 1322 autem,
925 1241 1023 1307 veluti
1057 1240 1192 1326 ἀλήτης,
1227 1247 1472 1334 προγεννὴτωρ,

246 1352 380 1454 μνήμη,
401 1353 583 1447 συλήτειρα
601 1360 741 1425 exomni
759 1360 993 1436 partediversa
1010 1361 1142 1427 diversa
1158 1383 1284 1449 quoque
1303 1368 1437 1443 ratione,
1452 1365 1472 1429 i.

257 1502 355 1568 aper
369 1503 404 1548 se
417 1498 517 1544 unum
532 1478 692 1565 qnodque,
715 1478 953 1548 indicabantur.
977 1479 1096 1546 Mirum
1111 1480 1286 1563 igiturnon
1305 1491 1364 1560 est,
1386 1483 1472 1569 quod
1585 1503 1588 1509 ·

254 1605 288 1669 in
310 1602 374 1668 alio
398 1598 597 1685 probabatur
621 1623 652 1675 a,
675 1597 761 1683 quod
783 1596 817 1662 in
841 1597 904 1662 alio
927 1599 1171 1683 repudiabatur,
1194 1608 1230 1667 nt
1252 1597 1381 1680 ἀλάτας
1404 1621 1471 1668 v.c.
1587 1626 1590 1634 ¹

214 1723 220 1738 ⁸
254 1723 335 1788 bene
359 1720 483 1785 dictam
505 1718 680 1796 videretur,
702 1723 737 1782 at
758 1712 1000 1806 apcpsrvdrwp,
1025 1715 1221 1808 συλάτειρα,
1255 1723 1363 1787 nescio
1395 1720 1473 1807 quid

255 1839 353 1908 alieni
385 1844 527 1905 sonaret.
571 1837 663 1903 Unde
688 1836 894 1918 factumest,
926 1847 962 1902 ut
985 1837 1082 1902 etiam
1104 1840 1136 1904 in
1160 1838 1332 1906 adiectivls
1358 1840 1472 1905 rerba·

253 1960 340 2026 libus
374 1978 451 2025 usus
484 1957 665 2023 fluctuaret.
710 1954 759 2021 cl.
793 1948 984 2042 ἂναύδητος,
1017 1953 1220 2044 ἀείμνηστος,
1253 1956 1409 2046 ἀνόνητος
1440 1966 1473 2025 ct

254 2077 422 2156 α’νόνατος,
446 2077 518 2142 sim.
532 2075 595 2162 'pg.
612 2075 642 2141 9.
1410 2139 1415 2152 ,

339 2196 414 2263 Sive
437 2196 535 2278 igitur
556 2193 589 2258 in
612 2192 672 2258 bac
693 2212 730 2258 re
751 2201 841 2259 recte
864 2213 899 2259 se
922 2193 1041 2260 babent
1064 2196 1182 2272 omnia,
1213 2196 1292 2277 sive,
1327 2196 1361 2261 id
1384 2196 1471 2282 quod

251 2314 461 2384 verisimilius
485 2319 544 2391 est,
573 2312 731 2377 mendosa
760 2310 916 2377 nonnulla
945 2319 1032 2394 sunt,
1061 2311 1157 2396 longe
1186 2323 1294 2380 tamen
1324 2323 1472 2401 praestat
1509 2315 1513 2322 '

252 2436 485 2504 nihilomnino
509 2431 699 2513 mutavisse,
722 2451 818 2518 quem
842 2431 1051 2499 substituisse
1077 2433 1185 2500 dubiis
1208 2434 1318 2532 dubia.

335 2556 378 2622 Et
398 2553 479 2620 haec
503 2549 632 2638 quidem
656 2551 695 2616 de
717 2550 825 2616 verbo.
855 2550 924 2617 lam
946 2554 974 2617 si
997 2553 1037 2618 ad
1062 2552 1297 2620 declinationes
1320 2563 1469 2620 trausea-

250 2695 334 2757 mus,
356 2674 487 2740 brevem
509 2691 580 2738 esse
611 2669 688 2737 licet
710 2672 749 2737 dc
772 2670 876 2737 altera
906 2671 1086 2755 tertiaque;
1119 2674 1160 2739 ad
1190 2672 1279 2738 illam
1309 2692 1373 2737 non
1406 2673 1468 2738 nisi

251 2792 415 2880 Μενέλας,
437 2827 477 2840 -
502 2815 533 2867 o,
556 2827 597 2838 —
620 2815 651 2877 ᾳ,
673 2825 715 2840 -
739 2813 790 2859 uu,
813 2786 959 2854 adhunc
981 2809 1080 2855 unum
1104 2789 1219 2870 νεότας
1240 2789 1336 2857 Herc.
1358 2791 1381 2856 f.
1404 2793 1465 2856 637

250 2917 401 3002 pertinet.
424 2911 472 2979 df.
495 2929 549 2995 pg.
571 2911 601 2975 8.

335 3032 465 3099 Primae
486 3047 563 3094 vero
587 3027 815 3094 declinationis
838 3027 975 3094 eandem
998 3047 1069 3094 esse
1092 3030 1164 3095 dico
1188 3030 1347 3096 rationem
1371 3037 1467 3115 atque

248 3153 421 3221 verborum
442 3151 476 3215 in
498 3139 551 3214 do
578 3147 787 3223 exeuntium
819 3148 911 3212 utin
933 3146 996 3224 his,
1018 3148 1065 3214 ita
1094 3147 1130 3213 in
1162 3147 1250 3214 illius
1282 3147 1465 3214 nominibus

248 3271 532 3355 eaedem'semper
554 3266 799 3335 terminationes
821 3275 980 3353 apparent
1001 3285 1116 3352 nequo,
1139 3267 1265 3353 opinor,
1297 3276 1464 3354 receptum

247 3390 300 3458 hic
324 3413 354 3468 α,
376 3387 445 3454 illic
466 3389 536 3454 iure
557 3381 643 3453 reici
660 3389 777 3471 potest.
821 3383 865 3450 Ut
887 3385 987 3468 igitur
1019 3384 1108 3451 brevi
1141 3386 1337 3472 praecidam,
1374 3406 1464 3452 rnen-

248 3507 330 3576 dosa
351 3505 465 3590 babeo,
487 3522 697 3593 quaecunque
719 3509 895 3569 occurrunt
915 3503 951 3568 in
964 3504 1100 3572 canticis
1113 3504 1297 3587 vulgarium
1313 3507 1345 3570 in
1360 3505 1466 3591 prima

248 3626 518 3698 terminationem
542 3625 700 3712 exempla.
745 3625 803 3692 Cui
826 3627 1006 3691 sententiae
1029 3645 1092 3690 non
1115 3646 1185 3692 sum
1218 3623 1347 3692 nescius
1380 3625 1466 3690 baud

247 3768 353 3837 pauca
374 3764 457 3826 csse,
479 3763 563 3831 qnae
585 3750 642 3810 aut
664 3743 878 3826 refragentur.
902 3750 958 3808 aut
980 3744 1139 3828 refragari
1163 3745 1344 3811 videantur.
1380 3743 1464 3822 Qnin

245 3866 410 3953 mihiipsi
433 3863 605 3950 scrupulus
649 3863 752 3950 primo
776 3862 967 3928 inhaerebat
989 3863 1028 3929 de
1059 3865 1235 3946 singularis
1265 3881 1297 3930 et
1326 3862 1463 3949 pluralis

160 4063 162 4066 ,
245 4007 300 4053 nn.
323 3984 491 4067 genetiuis,
525 3983 704 4063 dubitanti,
739 4001 781 4048 an
802 3970 846 4048 ὦ
866 3973 964 4048 ελῖυἶ
981 3983 1237 4062 terminationes,
1271 4003 1353 4069 quae
1377 3981 1461 4046 baud

244 4124 340 4174 rarae
361 4104 438 4182 sint,
459 4102 599 4169 tuendae
621 4102 762 4168 fortasse
784 4106 905 4170 essent.
951 4102 1072 4186 Negari
1096 4103 1224 4186 quidem
1247 4122 1311 4167 non
1340 4106 1460 4186 potest,

245 4228 322 4316 quin
338 4227 380 4295 ed
395 4211 443 4290 οἶ
453 4229 487 4289 ct
505 4211 537 4301 ἆ,
562 4211 607 4288 mo
621 4225 655 4290 et
674 4207 718 4285 ἦ
735 4223 954 4308 permutanda
987 4223 1085 4288 etiam
1118 4219 1329 4307 procliviores
1343 4239 1458 4332 ‘qua-m

243 4346 284 4413 ad
307 4344 388 4412 alios
411 4363 535 4412 errores
557 4338 682 4410 librarii
704 4340 834 4408 fuerint.
876 4340 960 4407 Nam
982 4347 1206 4426 praeterquam
1229 4337 1325 4424 quod
1347 4339 1460 4403 aetus
