3260 4742
673 167 941 231 -3o-

514 333 541 400 οἷ(
565 333 614 402 ἴτε
637 337 724 404 λαοί.

509 455 677 547 κηρύσσω
703 457 727 522 d'
751 457 843 522 odiar
866 453 1046 545 βασιλήιον

205 598 233 644 e.
257 598 288 665 q.
311 598 337 644 e.
382 576 461 656 Quis
481 577 516 642 in
540 575 650 643 dorico
673 574 855 668 καρύσσω,
891 577 920 642 si
943 577 1100 642 traditum
1122 581 1217 651 esset.
1241 573 1420 640 offendere-

205 701 270 776 tur,
293 697 344 762 hio
368 701 456 762 certe
477 715 541 762 nou
563 697 669 762 minus
693 703 780 784 apto,
803 716 898 783 quarn
923 696 957 761 in
979 695 1035 760 iilo
1057 693 1199 760 Helenae
1222 712 1327 761 uersu.

289 813 436 901 Denique
465 813 638 901 ἡλλβατος
658 817 691 882 in
714 815 810 902 Hipp.
835 834 863 880 v.
888 816 949 882 728
981 813 1100 896 legitur
1132 811 1265 888 (codd.
1287 811 1418 884 ABCE

204 932 303 1000 abed
327 939 387 1000 BE
388 951 421 1016 i:

477 1051 659 1140 ,ἠλιβάτοις
682 1045 743 1117 ὑπὸ
769 1055 939 1141 κευθμιῦοι
963 1051 1129 1140 γενοίμαν,

482 1171 533 1236 ἵνα
556 1198 597 1261 με
619 1171 827 1261 πτεροῦοοοιο
852 1165 939 1260 ὅροιν

478 1289 555 1370 θεὸς
577 1289 608 1355 ἐν
631 1293 790 1369 ποταναῖς
812 1288 951 1377 α’γὲλίιις
972 1291 1057 1376 aae'e.

480 1411 617 1498 α’ρθείην
633 1409 658 1474 δ’
682 1407 731 1475 ἐπὶ
755 1406 891 1477 πούτιον

480 1531 570 1620 κῦμα
594 1534 652 1607 τᾶς
673 1527 838 1616 Ἀδριηιᾶς

477 1649 591 1726 α’κτᾶς.
614 1695 622 1710 .
646 1699 654 1714 .
678 1670 704 1715 e.
727 1669 755 1734 q.
780 1668 805 1714 s.

289 1766 376 1834 Nihil
398 1767 545 1854 profecto
568 1788 587 1834 a
610 1769 790 1832 sententiae
821 1766 980 1848 dignitate
1011 1763 1183 1846 officiebat,
1220 1767 1297 1849 quin
1318 1771 1417 1852 poeta

202 1883 253 1952 iric
276 1906 403 1972 quoque
426 1883 595 1962 α’λίβατος
617 1886 752 1966 diceret,
774 1886 870 1950 sicuti
893 1884 976 1950 dixit
997 1884 1030 1948 in
1053 1884 1106 1950 Su.
1121 1883 1204 1949 v.80
1220 1884 1417 1967 redonet

459 2000 631 2091 άπληστυς
652 2000 711 2068 ἅδε
733 2001 767 2092 μ’
790 1998 902 2088 ἐξάγει
925 1999 1022 2092 χάρις
1046 1997 1144 2087 γοίυν,

457 2119 646 2203 πολυπάνος
668 2118 708 2201 ὡς
730 2121 766 2204 ἐξ
790 2119 962 2201 ἀλιβάτου
986 2122 1106 2210 πέτρας

459 2236 543 2332 ὑγρά
568 2241 688 2332 ῥέουσα
713 2238 864 2328 craecia
1357 2319 1359 2327 y

287 2361 355 2427 iarn
379 2383 454 2428 vero
477 2363 569 2428 utin
591 2383 689 2428 uuum
712 2362 841 2445 singula
862 2361 1069 2447 complectar,
1092 2362 1191 2426 totius
1220 2360 1415 2447 disputatio·

202 2481 253 2547 uis
274 2479 354 2547 haec
376 2500 502 2546 surnma
523 2482 673 2548 efficitur.
717 2480 827 2562 Longe
858 2481 962 2560 abest,
991 2485 1028 2545 ut
1061 2478 1194 2544 credam
1210 2499 1414 2574 'communes

115 2631 118 2636 ·
200 2585 334 2678 torneae,
369 2619 452 2685 quae
483 2599 579 2666 hodie
600 2600 634 2664 in
656 2598 840 2685 Euripideis
862 2598 982 2664 tabulis
1011 2600 1228 2678 inveniantur,
1258 2602 1414 2682 genuinae

201 2738 273 2782 ease
295 2739 405 2785 omnes
428 2719 469 2785 ab
492 2720 629 2805 ipsoque
651 2738 764 2784 onrnes
786 2724 882 2806 poeta
903 2718 1077 2804 profectas,
1121 2715 1200 2782 item
1225 2738 1299 2785 vero
1314 2719 1412 2790 ¹nobie

200 2835 315 2903 deesse
339 2837 434 2903 credo
457 2842 654 2923 potestatem
683 2857 760 2903 uera
780 2856 800 2901 a
821 2834 915 2902 falsis
946 2837 1065 2922 ubique
1097 2837 1296 2902 secernendi.
1340 2837 1411 2905 Pri·

201 2974 286 3019 mum
310 2957 393 3022 enim
417 2956 483 3022 elia
513 2977 677 3042 nunquam
699 2957 733 3022 iu
755 2958 951 3038 tragicorum
982 2975 1075 3024 ursum
1106 2957 1315 3032 transierunt,
1346 2955 1412 3022 alia

200 3093 283 3150 sero,
305 3073 371 3138 alia
392 3080 467 3162 anto
502 3081 632 3161 recepta
665 3080 781 3161 postea
809 3093 921 3140 rursus
954 3075 1126 3159 repudiata
1157 3081 1243 3140 eunt.
1285 3071 1410 3141 Deinde

198 3191 357 3258 librorum
388 3194 465 3258 fidei
497 3194 629 3260 minime
659 3214 694 3259 se
725 3193 801 3259 licet
828 3192 1039 3258 committere.
1076 3192 1167 3258 Nam
1198 3199 1233 3260 ut
1254 3198 1311 3260 Bo
1334 3192 1411 3262 libri

177 3313 266 3377 tero
288 3310 381 3392 nihil,
402 3313 449 3378 sic
472 3313 570 3378 ceteri
593 3333 704 3378 omnes
725 3333 790 3378 non
812 3311 948 3377 muitum
972 3311 1091 3376 ualent.
1134 3311 1280 3398 Denique
1302 3313 1336 3378 iu
1358 3311 1408 3378 hie

199 3430 295 3496 rebus
316 3430 502 3497 iudicandis
529 3432 779 3516 uniuscuiusque
800 3451 914 3496 sensus
937 3430 1079 3496 omnium
1103 3430 1201 3496 iudex
1229 3432 1408 3498 incertissi-

197 3569 269 3616 rnus
292 3556 350 3614 eet.
397 3551 494 3616 Deest
514 3559 622 3617 autern
655 3569 759 3636 paene
792 3549 910 3636 ubique
945 3549 1077 3635 quaevis
1111 3548 1176 3614 alia
1208 3570 1333 3632 norma,
1365 3553 1407 3618 ad

101 3643 107 3654 ⁸
196 3688 293 3754 qoam
328 3670 519 3735 emendandi
555 3677 690 3734 conatus
713 3667 868 3750 dirigere
903 3666 1076 3754 possimus.
1120 3666 1273 3754 Improbe
1307 3671 1408 3754 igitur

197 3787 358 3873 imprimis
384 3787 540 3854 iiindoriii
561 3789 669 3854 omnia
690 3788 852 3874 aequandi
867 3785 1019 3863 studium,
1042 3807 1145 3872 neque
1169 3807 1239 3854 cum
1253 3788 1407 3856 eoubivie

197 3903 287 3986 etot,
311 3904 424 3984 ἁὸοιά,
445 3902 568 3994 riderent
582 3914 615 3973 et
639 3895 729 3996 ἆμαρ
754 3917 786 3976 et
809 3903 927 3995 κάρυξ,
950 3900 1116 3994 repascere,
1140 3907 1313 3975 scribenda
1333 3927 1407 3976 0880

196 4045 323 4093 censeo.
345 4025 522 4111 Praecipue
544 4032 651 4093 autern
675 4046 757 4108 nego
782 4047 821 4092 eu
844 4046 907 4108 uno
928 4029 1055 4091 tantum
1087 4025 1222 4093 dorismi
1258 4025 1406 4116 exemplo

199 4147 317 4225 omnia,
339 4165 421 4232 quac
445 4145 476 4211 ei
499 4146 627 4222 obsunt,
648 4145 718 4210 iure
742 4143 862 4228 corrigi
884 4165 991 4232 posse,
1024 4143 1111 4212 uelut
1142 4164 1182 4212 ex
1204 4161 1269 4213 nno
1302 4142 1409 4213 Zaro‘r

195 4261 308 4352 (Hipp.
330 4266 386 4350 62)
410 4264 461 4332 rel
484 4263 523 4330 ab
544 4263 704 4348 Aeschylo
730 4261 932 4350 Pindaroque
963 4262 1148 4331 alieno'sex
1175 4261 1251 4342 illos
1284 4285 1407 4354 rareur,
