3260 4742
287 369 291 376 ’
322 385 387 498 240
409 386 551 480 γνώμης
573 395 721 486 ἂγᾳθῆς
741 407 827 472 ABG
849 410 889 475 cd
911 417 973 476 BC.

323 499 384 568 241
409 500 483 596 ἄτη
506 511 620 582 ABCE
639 520 678 584 cd
699 529 762 590 BC.
870 594 878 614 ,

320 621 385 685 242
405 622 571 717 τλήμων,
597 629 758 708 omnibus.
1332 683 1336 686 ·
1428 685 1433 690 ·

320 739 384 806 243
408 729 554 836 aroaldo
577 749 630 820 BC
653 757 683 836 d,
708 759 864 844 κεφαλὰν
876 767 946 851 AB,
969 770 1009 836 de
1032 779 1249 847 deterisntlril
1270 785 1433 852 enotavit

237 869 240 874 ·
394 859 623 942 Kirohhutlius.

319 975 383 1042 246
406 977 580 1074 αἰσχῦνννν,
604 995 762 1065 omnibus.
1183 1065 1186 1070 -

260 1139 278 1145 .,
318 1091 382 1159 247
405 1096 537 1190 γνώμην
560 1107 734 1180 ABCEed
755 1123 795 1201 B,
817 1140 889 1187 oum
913 1123 1015 1194 schol.
1037 1130 1133 1218 Soph.
1156 1135 1209 1202 Αἰ.
1231 1159 1262 1203 v.
1284 1139 1357 1206 265.

274 1203 380 1279 Probo
403 1217 607 1292 Dindorlium
631 1232 803 1322 ipsumque
825 1239 1021 1328 Nauokiurn,
1044 1252 1099 1335 qui
1123 1273 1196 1318 eum
1217 1259 1429 1324 mutandum·

190 1339 262 1387 esse
292 1342 480 1419 censerent,
514 1345 623 1411 omnia
656 1360 783 1418 mutare
818 1361 889 1424 ausi
922 1369 1009 1429 sunt.
1061 1365 1132 1434 Non
1162 1371 1226 1438 sibi
1256 1375 1405 1443 constitit

129 1511 130 1514 Ἴ
187 1437 426 1536 Kirehhoffius,
449 1458 560 1541 quiin
584 1465 659 1531 edit.
682 1471 758 1535 min.
784 1469 949 1564 αἰσχύνην
972 1485 1004 1545 et
1024 1479 1157 1573 quatum
1190 1487 1338 1576 reliquit,
1369 1492 1405 1556 in

186 1557 321 1644 reliquis
345 1575 453 1636 autem
476 1579 624 1646 versibus
648 1609 668 1646 a
692 1591 845 1657 restituit.
889 1593 1034 1663 atvero
1065 1601 1146 1666 nihil
1180 1606 1311 1670 omnino
1333 1625 1404 1673 mu·

184 1677 319 1747 tandum
344 1695 423 1771 erat,
448 1693 547 1760 immo
571 1703 752 1770 servandae
777 1716 869 1776 erant
892 1732 1004 1780 omnes
1034 1725 1194 1802 quotquot
1228 1721 1404 1790 traduntur
1470 1725 1476 1734 ’

161 1793 305 1864 'atticae
327 1803 463 1873 formae.
508 1811 758 1898 sapientissime
781 1847 850 1892 rem
872 1829 920 1896 ita
941 1832 1085 1900 instituit
1105 1843 1216 1920 poeta,
1239 1844 1276 1904 ut
1299 1837 1403 1906 Phao-

183 1911 244 1978 dra
266 1916 376 1986 doriee
398 1924 597 2012 loqueretur,
621 1957 717 2022 quam
741 1943 795 2007 diu
817 1947 928 2012 morbo
954 1951 1082 2031 agitata
1104 1941 1277 2020 et'mentis
1300 1973 1402 2041 paene

181 2028 290 2115 impos
312 2037 415 2108 libere
437 2045 470 2110 in
495 2054 640 2119 oratione
665 2066 867 2140 evagaretur.
891 2064 1012 2134 Contra
1034 2072 1196 2136 communi
1216 2072 1400 2138 Atticorum

179 2145 294 2230 lingua
316 2162 461 2230 utentem
483 2166 584 2249 laoit,
605 2171 660 2236 ubi
684 2176 797 2240 sedato
830 2179 928 2246 animi
960 2190 1049 2248 motu
1080 2205 1150 2251 eum
1182 2207 1264 2253 sana
1291 2193 1400 2256 mente

179 2275 378 2341 verecundia
399 2277 587 2363 revertitur,
611 2289 665 2352 ubi
689 2291 849 2376 intellegit
871 2294 1020 2365 Phaedra
1042 2321 1076 2367 se
1099 2302 1235 2370 muliere
1264 2306 1399 2386 indigna

179 2387 279 2453 verba
301 2392 488 2465 iactavisse.
533 2401 612 2468 Tum
637 2425 706 2470 eam
728 2411 832 2492 pudet
852 2413 1000 2480 insaniae
1014 2437 1188 2504 eorumque
1212 2441 1294 2507 quae
1309 2403 1398 2506 feeit,

179 2507 276 2588 atque
300 2528 320 2573 a
341 2515 478 2586 nutrice.
499 2524 535 2583 ut
556 2521 618 2587 sibi
643 2534 742 2608 eaput
764 2529 858 2609 velet,
880 2539 1042 2616 precatur.
1066 2537 1132 2600 .Φεῦ
1146 2537 1223 2619 φεῦ,
1233 2537 1395 2627 τλήμων,

176 2618 292 2707 inquit,
325 2632 423 2716 μαῖα,
447 2630 550 2700 πάλιν
573 2664 639 2727 μου
664 2638 798 2728 κρύψον
821 2645 1003 2733 κεφαλήν·
1027 2650 1031 2736 Ι
1056 2648 1243 2743 αἰδούμεθα
1266 2652 1329 2743 γὰρ
1351 2654 1395 2721 τὰ

81 2751 84 2758 ’
175 2735 363 2832 λελεγμένα
387 2775 456 2836 μοι.
501 2755 574 2823 Iure
599 2759 700 2840 igilur
722 2765 940 2851 tranquilliori
963 2767 1037 2834 huie
1061 2770 1164 2862 animi
1175 2773 1278 2836 statui
1291 2775 1394 2839 oratio

176 2878 303 2947 quoque
323 2874 564 2939 accomodatur.
816 2868 819 2873 ’

260 2981 446 3067 Sequuntur
468 2989 669 3099 Q
696 3018 807 3064 versus
839 2999 919 3066 1358
942 3008 1017 3068 oett·
1042 3025 1142 3090 usque
1170 2991 1211 3072 at
1226 3007 1320 3071 linem
1343 3007 1394 3072 la-

174 3093 279 3162 bulae.
325 3102 436 3171 Surmo
461 3117 511 3175 est
542 3111 628 3177 inter
658 3115 813 3183 Cadmum
848 3124 880 3184 et
901 3121 1047 3202 Agaven.
1092 3121 1257 3210 Qui‘oum
1288 3123 1393 3209 primo

173 3213 325 3284 iambicis
349 3220 508 3308 rhythmis
532 3229 711 3296 adstrictus
734 3236 796 3313 sit,
828 3255 922 3309 mox.
945 3259 1016 3304 eum
1039 3259 1197 3325 personae
1221 3241 1260 3306 de
1293 3246 1393 3305 scena

171 3331 320 3401 abiturae
344 3347 429 3420 stunt,
453 3345 486 3410 in
510 3358 705 3432 anapaestos
729 3355 857 3420 transit.
880 3353 943 3420 Sed
967 3357 1052 3420 inest
1074 3357 1186 3422 uitium
1209 3357 1284 3421 inv.
1309 3355 1392 3423 1363
1423 3377 1426 3386 ⁴

429 3467 549 3542 Δεινῶς
570 3463 633 3552 γὰρ
658 3465 752 3530 ru'td'
774 3471 885 3532 αἰκίαν

428 3579 586 3659 Διόνυσος
606 3579 694 3664 ἅναξ

430 3696 508 3777 τοὺς
530 3695 603 3779 aaut
625 3699 781 3793 (oursel)
806 3707 847 3783 aig
869 3703 978 3786 οἴκους
1000 3705 1126 3798 ἔφερεν.

248 3815 292 3879 Et
318 3825 454 3882 metrum
480 3819 578 3904 primi
602 3841 715 3888 retatus
740 3861 774 3870 -
803 3825 894 3889 deest
917 3827 1002 3890 euim
1026 3827 1214 3912 syllaba-
1238 3837 1270 3894 et
1288 3825 1388 3894 τάνδε

169 3935 334 4001 ‹torismus
358 3933 493 4000 oliertsui
518 3944 604 4003 suo.
640 3939 753 4026 ltaque
778 3942 960 4029 Elmsloyos
984 3943 1082 4026 ariade
1097 3945 1291 4026 emendavit,
1313 3945 1390 4011 sub·

167 4053 300 4138 lataque
323 4049 388 4143 γάρ
413 4057 575 4139 particula
599 4077 669 4123 oum
693 4059 826 4125 lllusuro
858 4059 964 4139 δεινῶς
996 4063 1183 4147 (inplicavit.
1228 4064 1388 4130 Herman-

163 4206 368 4216 --—-—-——-

228 4304 253 4372 1)
271 4305 384 4356 Addidit
404 4311 435 4358 ll.
455 4310 634 4362 llornuumus.
