3260 4742
640 217 809 326 ...ug
897 297 936 312 „.

178 431 246 495 iure
278 449 364 498 niune
402 427 638 519 α’πειροσόογν
674 439 839 519 receptum
874 437 960 516 est),
996 453 1100 520 neque
1131 435 1232 501 ullum
1261 433 1394 502 dorismi

177 548 361 633 exeurplum
383 549 575 616 inuenitur
566 570 599 614 ru
623 548 711 615 Med.
733 570 785 614 vv.
809 551 988 644 754-758,
1010 550 1142 616 Hereol.
1164 553 1274 617 287-
1285 554 1358 618 296.

261 665 407 732 Semel&
411 660 535 730 οότανε
558 665 638 748 legit
641 685 678 731 ur
699 666 734 730 in
757 639 905 780 Madv
938 667 1003 732 359
1036 669 1168 745 (359-
1128 669 1275 754 -,365)
1309 669 1396 756 quod

174 783 315 850 sortasse
338 783 499 871 quispiam
536 784 709 862 defendat,
740 802 814 848 ouum
843 783 1015 849 desintt
982 785 1079 849 otiam
1110 783 1235 849 formae
1266 788 1394 852 atticae

176 901 239 968 Sed
266 921 339 968 eum
362 901 506 968 dubitari
529 907 686 989 nequeat,
720 902 798 986 quin
823 899 962 980 legitimi
993 901 1162 985 anapaesti
1199 901 1302 980 sint,
1327 903 1396 968 inre

84 1109 85 1112 Ἴ
175 1017 365 1085 Diodorfios
389 1018 528 1106 δυ’στγνε
550 1019 703 1084 restituit.

260 1138 361 1205 Aliud
391 1137 503 1204 vitium
531 1136 617 1204 inest
647 1135 681 1200 in
714 1135 786 1202 Tro.
821 1157 852 1206 v.
875 1136 960 1202 1240
991 1135 1246 1222 (1240-1250)
1288 1132 1394 1223 μελέα

141 1322 147 1328 ,
178 1255 276 1341 μα’τγ
289 1283 315 1338 ρ,
339 1251 360 1344 γ’
390 1274 515 1341 e.q.s.,
546 1255 594 1320 sie
625 1233 929 1319 Kirehuoiffild‘”⁶it'
951 1253 1129 1318 Nauekius.
1164 1251 1335 1318 Dorismus
1357 1270 1394 1317 eo

176 1377 283 1440 minus
315 1375 398 1441 'ferri
427 1373 582 1451 debebat,
610 1371 704 1458 ,quod
740 1373 851 1436 stetim
883 1364 905 1457 ἥ
939 1369 1130 1453 insequitur.
1185 1369 1251 1434 Cur
1288 1374 1397 1433 autem

176 1491 287 1581 μάτηρ
310 1493 506 1579 praetulisse
529 1495 659 1579 poetam
682 1493 798 1574 putes?
829 1489 882 1553 An
905 1489 1043 1572 propter
1075 1485 1176 1551 animi
1206 1483 1396 1550 commotio-

176 1633 261 1696 nem,
284 1612 422 1700 quaein
446 1611 507 1678 hoo
530 1608 629 1675 verbo
652 1605 742 1673 nulla
765 1610 827 1673 ost.
873 1605 907 1672 si
929 1611 1040 1673 ιοῐιιοο
1063 1606 1167 1686 esset,
1196 1599 1284 1668 idem
1306 1605 1395 1670 corte

176 1732 243 1798 fieri
267 1731 406 1797 debebat
427 1730 461 1795 in
485 1730 631 1795 eiusdem
655 1723 721 1791 rab.
744 1744 774 1793 u.
798 1723 878 1790 785:

437 1835 461 1917 οὖ
488 1847 552 1915 παῖ
571 1840 707 1936 μητρὸς
727 1845 880 1932 μογερᾶς,
904 1848 938 1909 et
959 1843 1004 1910 ib.
1026 1832 1106 1910 792}

437 1954 461 2031 ui
485 1963 613 2041 τέκνον,
637 1949 663 2024 εὖ
686 1963 750 2026 παῖ
772 1959 886 2039 παιδὸς
906 1959 1064 2049 μογεροῦ,

436 2079 621 2170 συλώμεθα
645 2079 704 2168 σὴν
727 2073 853 2165 ψυχὴν
875 2076 1002 2158 dodinae,

436 2202 562 2295 μήτηρ
587 2191 757 2281 κᾶγὼ...,
811 2194 929 2282 quibus
963 2192 1029 2258 alia
1056 2192 1294 2260 innumerabile
1315 2193 1392 2260 addi

174 2335 323 2414 possunt.

205 2473 208 2480 ·
261 2443 299 2508 ln
332 2444 473 2528 quinque
505 2440 688 2516 tabularum
721 2437 784 2504 fine
819 2431 917 2520 (Ale,
938 2431 1054 2509 Andr,
1075 2425 1144 2511 Ba,
1176 2423 1261 2507 Hel,
1291 2423 1394 2509 bled.)

175 2564 255 2629 liaeo
277 2559 424 2627 olarrsula
447 2560 625 2625 invenitur:
671 2549 797 2620 πολλαὶ
819 2545 951 2640 μορφαὶ
976 2549 1043 2614 τῶν
1067 2542 1243 2631 δαιμονίων
1266 2559 1294 2608 ο.
1317 2558 1348 2625 q.
1364 2559 1391 2606 a.

175 2681 212 2746 ln
238 2683 362 2758 Oreste,
384 2677 581 2750 Phoenissis,
603 2673 773 2759 Iphigenia
792 2668 867 2736 Aul.
890 2668 971 2733 haee
992 2663 1111 2730 altera:

530 2781 554 2856 ui
579 2791 666 2880 μέγα
688 2788 787 2878 σὲμνμ
811 2787 898 2874 Nina
922 2804 981 2869 e.q
1004 2802 1030 2848 s.

177 2917 332 3003 Reliquae
354 2913 506 2980 undecim
529 2910 626 2976 aliter
649 2907 733 2973 aliae
756 2902 1002 2970 concluduntur.

262 3037 311 3102 De
333 3033 458 3114 origine
480 3030 595 3095 borum
618 3041 771 3091 versuum
794 3019 932 3086 multum
953 3019 1039 3083 iuter
1060 3035 1095 3082 se
1109 3016 1309 3084 dissentiunt
1332 3015 1392 3082 viri

176 3157 272 3223 docti.
316 3153 363 3218 Ne
385 3166 445 3214 nos
469 3146 597 3232 quidem
623 3161 679 3208 eos
711 3140 752 3206 ab
781 3136 938 3222 Euripide
970 3132 1137 3220 profestos
1171 3152 1244 3200 esse
1278 3131 1392 3198 existi-

175 3257 313 3354 mamus,
335 3267 393 3334 sed
415 3264 455 3332 ab
479 3261 656 3342 autoribus,
679 3276 759 3345 quos
783 3256 913 3320 constat
934 3255 967 3318 et
988 3249 1056 3316 alia
1077 3245 1182 3315 multe
1204 3250 1392 3329 inseruisse,

176 3411 258 3478 qnae
281 3393 337 3454 aut
359 3382 488 3450 aliunde
511 3376 670 3444 memoria
691 3372 861 3445 tenebant,
891 3376 948 3434 aut
969 3367 1033 3451 ipsi
1064 3367 1235 3431 linxerant.
1279 3365 1392 3450 Suspi-

176 3511 244 3578 oari
268 3511 375 3573 autem
397 3501 484 3577 linet,
507 3515 562 3562 eos
584 3496 617 3560 in
641 3490 796 3559 extremis
815 3484 998 3552 fabularum
1021 3481 1179 3567 partibus,
1202 3481 1254 3547 ubi
1275 3479 1393 3546 facilli·

176 3647 265 3694 mum
288 3626 359 3690 erat
382 3614 505 3702 aliquid
527 3613 657 3680 addere,
681 3607 823 3673 maxime
845 3601 886 3666 ad
920 3599 1003 3664 hano
1035 3598 1200 3663 licentiam
1231 3595 1392 3681 proclives

174 3746 287 3812 luisse.
331 3705 491 3805 Sed⁰utut
512 3733 572 3812 est,
595 3726 635 3792 ab
658 3723 807 3791 omnibus
831 3717 986 3783 eiusmodi
1006 3713 1154 3779 versibus
1173 3712 1393 3796 exrrlatpror-

177 3883 234 3929 eus
256 3857 417 3924 dieleotus
439 3850 559 3916 dorice.

261 3972 433 4042 Dilfieilior
456 3972 508 4034 est
530 3965 569 4030 de
602 3967 649 4030 eis
681 3955 869 4045 anapaestis
903 3950 1068 4039 quaestio,
1098 3943 1394 4050 quotri

175 4083 765 4188 iambioffliopsurpantur.
810 4075 1065 4140 Consentaneum
1090 4071 1141 4130 est
1170 4063 1229 4127 hos
1262 4077 1391 4144 quoque

174 4181 318 4280 affine
342 4223 465 4274 carere.
510 4199 576 4266 Sed
598 4197 652 4262 urbi
685 4194 764 4261 illud
797 4188 944 4264 aceedit,
979 4190 1017 4248 ut
1047 4180 1144 4248 simul
1172 4179 1317 4244 lamenta
1346 4175 1393 4240 eie

174 4327 412 4399 contineantur,
433 4317 555 4403 triplex
575 4322 624 4380 est
647 4313 860 4377 dialeetorum
885 4301 980 4366 ratio.
1026 4301 1093 4364 Αιιτ
1123 4297 1208 4362 euim
1231 4300 1266 4358 ut
1289 4293 1322 4357 in
1345 4291 1394 4356 di·
