3260 4742
597 190 891 274 „434

154 375 325 464 tunquam
349 388 528 467 sequuntur
538 380 704 448 Nauckius
728 381 962 452 etDiudorlius,
986 381 1043 446 sed
1066 376 1260 468 enodatione
1281 405 1352 450 eum

149 494 241 561 altero
267 499 513 566 Cecribendum
536 500 580 565 sit
1368 495 1372 504 ’

223 614 258 681 ln
281 616 453 706 ἁλαλγντο
477 620 614 704 denique
646 619 784 683 similem
808 637 940 684 eausam
964 619 1067 684 latere
1099 619 1132 684 iu
1156 625 1270 706 aperto
1293 632 1354 693 est,

146 731 314 822 eademque
336 738 477 804 fortasse
499 737 571 814 fuit,
594 758 651 802 eur
672 737 845 822 Euripides
866 737 901 802 in
924 735 993 821 lph.
1016 741 1055 803 A.
1079 739 1141 804 788
1175 735 1356 826 dilato:

145 855 334 936 praeferret,
372 873 565 943 quamquam
595 855 777 941 Aeschylus
817 852 1098 938 ἀλλαλοφόνος,
1131 862 1163 922 et
1191 854 1353 924 Pindarus

145 965 404 1055 dilatationis
428 979 505 1040 ante
529 977 632 1060 ipsurn
659 974 821 1040 dixerant.

222 1091 266 1158 At
288 1113 364 1158 vero
389 1088 698 1183 ἐξαμιλλησάμενος
718 1093 809 1173 illud,
841 1101 873 1158 et
893 1090 1004 1180 βήσει,
1028 1102 1064 1160 etv
1082 1090 1209 1182 ili-,ooo
1231 1101 1263 1162 et
1281 1093 1355 1178 ἑξο-

143 1202 368 1295 ὸννγθείςείοο
389 1212 487 1278 dubio
509 1215 540 1277 in
564 1214 686 1278 formes
705 1214 831 1278 doricas
844 1212 1063 1278 convertenda
1080 1221 1165 1280 suut.
1210 1212 1353 1282 Primum

141 1325 221 1392 enirn
234 1329 412 1418 οιὰμιλλα
424 1333 473 1394 θῶ
488 1331 645 1396 habemus
668 1332 700 1396 io
713 1331 783 1397 Hel.
800 1352 829 1398 v.
844 1333 913 1404 165,
929 1341 962 1398 at
975 1332 1095 1397 doricis
1117 1307 1235 1399 formis
1245 1333 1353 1411 βασο·

141 1465 211 1528 μοι,
234 1443 354 1531 idaeo,
378 1446 461 1528 iiior
484 1456 561 1516 oett.
584 1449 664 1514 nilil
680 1456 730 1514 est
753 1451 917 1532 usitatius,
939 1449 1019 1514 nihil
1030 1450 1252 1535 frequentius;
1274 1460 1352 1534 tum,

140 1581 267 1652 quaeso,
283 1571 359 1655 quid
372 1570 481 1636 valent
492 1575 645 1655 quattuor
657 1568 735 1633 illae
746 1568 879 1648 formae,
891 1587 973 1654 quae
983 1570 1252 1654 cureneipiantur
1264 1571 1353 1638 nullo

141 1684 233 1751 modo
256 1689 423 1776 dispicias,
456 1690 533 1774 quid
556 1707 613 1753 eae
638 1686 747 1754 valent
768 1705 845 1772 prae
867 1687 992 1767 ingenti
1015 1688 1250 1752 contrariarum
1269 1689 1353 1754 mul-
1389 1697 1397 1716 ⁰

138 1800 295 1872 titudine?
335 1807 416 1874 Nam
440 1807 513 1892 plus
536 1825 632 1892 quom
655 1807 805 1902 seragies
824 1829 844 1866 α
859 1805 1014 1870 doricum
1037 1811 1128 1871 extat
1147 1805 1183 1870 in
1205 1807 1354 1874 omnibns

138 1923 242 1990 omnis
278 1927 525 2008 significationis
558 1925 676 1990 verbis.
720 1923 854 1989 Cautius
888 1930 975 1990 certe
1009 1925 1170 2006 agendum
1205 1934 1303 2008 esset,
1324 1927 1354 1992 si

138 2049 227 2124 certa
249 2044 445 2130 optimorum
468 2043 622 2110 librorum
645 2041 708 2108 fide
732 2049 830 2127 atque
853 2047 1045 2108 auctoritate
1078 2043 1204 2110 munita
1232 2049 1352 2112 essent.

139 2156 230 2228 Nune
254 2182 340 2244 uero,
362 2183 435 2229 cum
458 2184 522 2228 uno
545 2169 601 2230 aut
621 2168 651 2227 B
667 2167 724 2228 aut
737 2167 767 2243 0,
789 2161 967 2227 autetiam
991 2161 1150 2226 ambobus
1172 2163 1355 2246 tradantur,

137 2281 297 2363 quidest,
322 2283 409 2368 quod
431 2281 636 2349 dubitemus?
679 2279 901 2366 Expellendas
922 2300 979 2345 eas
1008 2299 1080 2345 esse
1101 2300 1228 2363 censeo,
1250 2290 1283 2348 et
1302 2303 1353 2348 re-

136 2398 324 2477 mittendas,
348 2401 432 2466 unde
453 2400 620 2485 profectae
644 2398 795 2469 suntad
828 2396 1037 2464 librariorum
1065 2400 1226 2466 incuriam
1257 2410 1355 2488 atque

137 2519 386 2601 neglegentiam.

221 2627 356 2723 Deis-oo
398 2639 628 2704 terminatione
671 2637 737 2702 iam
766 2655 821 2720 pg.
847 2637 885 2700 12
928 2637 1010 2701 satis
1032 2637 1112 2703 dixi.
1157 2638 1251 2706 Duae
1271 2662 1355 2728 ques

134 2754 273 2823 oberant
293 2758 427 2833 formae,
450 2752 640 2846 ὲφγψάμγν
662 2755 712 2820 El.
728 2754 812 2820 1220
824 2754 909 2839 (eud.
925 2754 962 2838 Ο)
973 2760 1007 2820 et
1028 2756 1219 2844 παυσαίμην
1243 2759 1354 2842 (codd.

133 2876 216 2961 Bu),
237 2874 334 2941 hodie
358 2877 500 2940 omnium
524 2895 724 2962 eonsensue
747 2872 839 2939 libris
862 2872 1010 2939 sublatae
1032 2880 1118 2940 sunt.

220 2994 321 3062 Paulo
344 2995 505 3061 incertior¹
518 3014 589 3059 sum
612 2993 652 3059 de
673 2992 764 3060 verbi
786 2987 860 3077 ἅγια
883 2996 1075 3074 augmento;
1096 3013 1173 3059 nom
1188 2996 1227 3062 de
1241 2982 1354 3085 ἄρχον

136 3111 161 3179 l.
185 3115 226 3180 A.
248 3113 322 3197 255,
344 3115 416 3193 274,
454 3123 527 3179 euin
557 3111 723 3199 Euripidis
755 3131 867 3178 versus
897 3131 962 3176 non
994 3114 1069 3190 sint,
1105 3101 1159 3180 rin
1190 3134 1272 3200 opus
1303 3124 1355 3184 est

133 3253 298 3320 quaerere.
342 3233 471 3319 Septies
494 3240 602 3300 autem
625 3232 659 3298 in
688 3231 743 3297 illo
768 3217 799 3309 ἆ,
824 3230 872 3296 bis
896 3253 913 3317 γ
933 3231 1110 3300 invenitur.
1153 3234 1255 3300 Andr.
1280 3237 1352 3302 104:

134 3350 226 3436 Ἰλίῳ
252 3354 388 3439 αἰπεινᾷ
409 3350 517 3441 Ποίρις
539 3342 577 3416 οὐ
601 3347 723 3440 γοὶμον,
746 3345 839 3413 ἄλλο’
862 3352 925 3414 τιν’
950 3343 1038 3415 ὅταν

133 3469 276 3558 ἠγάγετ’
299 3464 431 3536 εὐναίαν
455 3472 497 3548 εἰς
517 3463 699 3559 θαλάμους
718 3464 864 3532 Ἑλέναν.
904 3467 1009 3534 Probo
1033 3468 1353 3559 Diudurlium„quod

134 3586 274 3677 ἄγαγεν
297 3590 447 3676 Euripidi
468 3589 622 3669 reddidit,
654 3587 722 3668 sed,
746 3606 803 3654 our
825 3585 912 3653 idem
935 3587 967 3654 ei
1000 3588 1170 3672 negaverit
1191 3591 1224 3656 in
1247 3589 1302 3658 Or.
1326 3613 1356 3658 ν.

136 3711 209 3792 176,
232 3728 297 3774 non
321 3708 432 3776 video:

252 3820 317 3892 ὑπὸ
340 3826 404 3916 γὰρ
428 3825 570 3914 ἀλγέων,
595 3821 659 3894 ὑπό
681 3851 719 3894 τε
743 3823 918 3918 συμφόρος

251 3943 443 4036 διοιχόμεθ’
465 3943 649 4035 οἰχόμεθα.
692 3941 832 4014 aeduos
854 3943 1005 4034 ἠγάγετ’,
1029 3937 1109 4034 οὐχὶ
1135 3949 1224 4033 σῖγα,

255 4069 333 4153 σῖγα
357 4063 624 4154 φυλλασσομὲνα
648 4087 675 4133 e.
698 4087 730 4153 q·
751 4087 778 4134 s·

217 4186 252 4254 si
275 4187 362 4254 enim
384 4186 485 4255 animi
514 4185 764 4254 commotionem
799 4190 939 4272 spectes,
973 4205 1079 4272 neque
1115 4186 1352 4259 sententiarum

132 4305 305 4392 invitatis
327 4325 432 4392 neque
453 4309 633 4372 metrorum
655 4319 808 4388 megum
831 4303 1010 4374 discrimen
1030 4309 1091 4374 est.
1136 4304 1244 4384 Quare
1262 4316 1352 4374 utro·

1574 4193 1576 4295 l

1572 4327 1575 4408 ι

1571 4413 1574 4549 l
