3260 4742
713 662 845 770 Pars
891 662 934 764 1.

449 885 495 961 lte
523 886 662 962 cantlels
689 905 868 984 aaronque
895 883 1039 961 llalceto
1067 883 1201 960 llorltc.

295 1122 347 1188 Ab
378 1122 468 1188 omni
492 1121 533 1188 de
565 1122 718 1189 doniamis
752 1120 943 1207 quaestione
978 1122 1190 1202 segregentur
1225 1122 1357 1204 oportet
1388 1137 1437 1188 eu,

210 1259 295 1326 quae
317 1259 391 1307 cum
413 1237 525 1307 dorica
546 1247 579 1308 et
600 1239 665 1306 diei
688 1239 816 1326 possint
837 1245 871 1306 et
891 1257 1123 1324 nonnunquam
1144 1238 1306 1308 dicantur,
1329 1239 1436 1302 minus

210 1365 322 1424 tamen
344 1363 478 1445 sumpta
499 1365 577 1426 sunt
598 1377 619 1424 a
639 1356 868 1436 Doriensibus‚
898 1378 995 1445 quam
1026 1375 1068 1423 ex
1097 1355 1240 1424 Homero
1273 1359 1438 1443 prompta,

211 1479 386 1554 communi,
408 1484 445 1544 ut
466 1478 514 1545 ita
543 1477 660 1548 dicam,
692 1476 825 1560 linguae
857 1476 1005 1545 Graecae
1034 1475 1197 1543 thesauro.
1241 1473 1337 1542 Nunc
1365 1481 1438 1542 tota

209 1615 262 1662 res
284 1596 319 1662 in
342 1616 379 1663 eo
402 1600 528 1662 tantum
551 1600 713 1679 versatur,
736 1594 825 1681 quod
846 1601 964 1681 poetae
986 1595 1102 1678 tragici
1125 1594 1258 1678 longam
1289 1593 1434 1686 uocalem

210 1737 232 1776 α
256 1721 371 1780 contra
400 1714 587 1782 Atticorum
618 1734 743 1780 morem
771 1733 831 1800 pro
861 1738 879 1800 >y
909 1715 1123 1780 admiserunt.
1167 1711 1296 1798 Duplex
1326 1720 1434 1779 autem

210 1831 276 1898 fuit
298 1834 385 1920 apud
409 1832 539 1900 Atticos
565 1832 681 1899 literae
706 1858 723 1920 p
749 1834 849 1908 ratior
879 1839 936 1898 aut
966 1840 1039 1898 orta
1068 1834 1153 1898 eninr
1177 1840 1229 1899 est
1259 1853 1299 1898 ex
1324 1857 1343 1895 α
1367 1835 1435 1899 sire
1521 1853 1524 1861 ·

210 1951 404 2030 breviales
427 1951 535 2032 longa,
569 1962 626 2016 aut
647 1971 688 2018 ex
712 1977 726 2016 ε
751 1949 856 2016 vocali
885 1952 1053 2038 producta.
1098 1951 1152 2018 Sio
1185 1971 1227 2016 ex
1261 1951 1371 2040 μοῦσα
1394 1990 1436 1999 -

210 2063 349 2153 μούσης,
381 2091 423 2137 ex
457 2060 570 2134 αὐδὰω
596 2107 633 2118 -
658 2061 793 2174 altana
828 2043 1028 2151 naseuntur,
1063 2072 1112 2138 sio
1144 2091 1257 2137 rursus
1295 2068 1436 2157 plurima

211 2187 311 2254 verba
332 2188 367 2253 in
390 2187 431 2252 ἑω
454 2189 609 2256 exeuntia
640 2189 703 2255 sibi
724 2190 870 2255 futurum
901 2189 936 2255 in
959 2191 1029 2272 ήσιυ
1059 2191 1237 2260 vindicant,
1272 2200 1304 2256 et
1327 2215 1434 2280 aucep

208 2313 242 2373 et
263 2329 375 2396 τριρρε
397 2308 517 2393 stirpes
540 2309 655 2394 πατήρ
679 2314 712 2374 et
734 2311 869 2397 τριήρης
889 2309 1119 2376 nominativos.
1157 2309 1240 2376 Nolo
1269 2309 1363 2397 plura
1386 2313 1434 2376 at-

209 2426 305 2491 terre.
349 2423 532 2490 Notissima
553 2425 638 2490 enim
661 2433 712 2492 est
732 2446 796 2503 res,
818 2446 901 2514 quae
930 2448 996 2494 non
1018 2433 1113 2513 egeat
1135 2427 1305 2514 exemplis.
1350 2431 1434 2498 lllod

207 2552 316 2611 autem
340 2569 374 2631 p,
404 2544 490 2630 quod
520 2551 734 2610 exaustum
768 2565 840 2611 esse
873 2544 1036 2628 diximus,
1072 2551 1172 2615 etiam
1206 2550 1293 2636 apud
1327 2550 1434 2619 Dores

207 2666 389 2749 „quantum
411 2663 565 2744 cognosci
587 2662 675 2742 licet,
706 2662 895 2750 plerumque
918 2664 1076 2744 obtinuit;
1109 2670 1232 2734 mansit
1253 2694 1273 2732 α
1297 2671 1432 2750 vocalis,

206 2789 243 2848 ut
263 2780 360 2864 longe
382 2780 528 2868 plurima
548 2782 616 2848 sint
636 2782 747 2860 verba,
768 2782 801 2847 in
826 2782 944 2869 quibus
973 2777 1093 2849 cumi<
1129 2786 1265 2871 produci
1302 2788 1433 2872 linguae

207 2901 297 2985 leges
318 2899 480 2980 iuberent,
502 2919 567 2966 non
589 2901 757 2967 transierit
777 2901 908 2986 quidem
932 2899 992 2967 illa
1013 2904 1046 2967 in
1070 2928 1100 2990 ρ,
1130 2903 1190 2969 sed
1212 2905 1375 2991 producta
1396 2909 1431 2975 in

207 3045 229 3082 a
252 3017 384 3103 longum
407 3018 541 3106 plenum
563 3024 662 3105 atque
683 3022 849 3102 integrum
869 3009 985 3085 so'num
1009 3021 1202 3088 retinuerit“
1215 3025 1256 3109 ¹).

290 3137 396 3204 Huius
420 3161 441 3200 a
464 3156 542 3202 usus
563 3134 733 3217 latissime,
756 3141 792 3203 ut
810 3137 877 3204 fert
898 3143 1018 3204 natura
1033 3141 1091 3220 rei,
1113 3141 1146 3206 in
1161 3139 1187 3206 1.
1212 3143 1430 3211 declinatione

205 3265 307 3343 patet.
351 3256 516 3324 Dicebant
537 3256 657 3338 tragici
686 3257 801 3338 igitur,
834 3257 888 3324 vel
908 3265 1066 3343 poterant
1088 3260 1197 3328 dicere
1225 3264 1257 3327 in
1291 3267 1428 3332 canticis

205 3384 238 3444 at
259 3377 465 3464 anapaestis:
488 3368 631 3464 μούσας,
659 3368 788 3464 procop,
811 3373 969 3457 πολίτας,
999 3376 1180 3466 nataliae,
1211 3380 1290 3447 Hec.
1315 3385 1376 3450 188
1389 3386 1429 3466 ²),

195 3491 322 3573 Ἅιδας,
345 3494 387 3561 ib.
410 3497 484 3568 479.
505 3493 629 3582 Ἑρμᾶς
650 3493 676 3560 Ι.
699 3494 739 3560 A.
765 3494 858 3566 1302,
888 3493 937 3562 ΕΙ.
959 3496 1035 3564 462.
1057 3501 1118 3584 erpi,
1141 3493 1213 3586 ὅπρῖ
1235 3503 1377 3587 saepius,
1400 3526 1428 3572 e.

205 3634 234 3697 g.
257 3611 356 3700 Hipp.
385 3612 460 3680 585,
489 3607 612 3698 πάντᾳ,
642 3611 687 3679 lo.
720 3614 794 3692 207,
820 3612 907 3701 Hipp
947 3615 1021 3697 562,
1055 3617 1108 3684 Or.
1136 3617 1228 3696 1265,
1259 3615 1353 3709 ἄλλᾳ
1382 3623 1426 3692 Io.

205 3734 276 3806 162.
299 3727 382 3816 τᾷδε
404 3729 460 3814 Cy.
483 3731 536 3810 44,
558 3733 610 3808 49,
634 3724 760 3820 κρὺφᾳ,
782 3729 907 3818 μάταν.
951 3733 1076 3802 Deinde
1099 3735 1225 3820 longius
1259 3745 1426 3826 progressi

202 3849 253 3918 vel
275 3849 445 3934 genetivos
467 3848 606 3934 pluralia
628 3870 658 3916 n.
682 3849 715 3916 in
739 3853 789 3933 ἂν,
833 3860 866 3919 et
893 3853 1058 3919 nominum
1089 3874 1172 3941 quae
1193 3857 1227 3923 in
1251 3883 1284 3946 ης
1306 3872 1427 3932 exeunt

200 3971 372 4058 genetivus
406 3967 700 4052 singularunm
731 3996 750 4034 a
775 3970 958 4040 flectebant.
1004 3974 1105 4054 Quam
1146 3981 1424 4063 consuetudinem,

269 4227 298 4292 1)
317 4225 471 4287 Alrrenaius.
491 4225 523 4278 de
541 4223 601 4278 tint.
622 4225 682 4279 Dur.
702 4241 745 4294 pg.
766 4226 814 4280 aaa

267 4325 297 4388 1)
317 4326 410 4379 l'rrsns
429 4326 513 4379 indico
531 4343 561 4380 ex
584 4327 787 4382 stercoream.
809 4329 868 4385 rusi.
