3260 4742
658 208 991 290 fat-

244 403 326 448 11111
348 401 381 448 et
403 383 522 448 erescit
545 382 658 463 lingua
680 401 752 445 cum
775 382 857 469 ipsis
879 380 1064 447 hominibus
1093 379 1281 468 similesque
1304 386 1401 466 atque
1423 382 1456 448 iri

237 501 478 568 vicissitudines
501 499 600 566 subit.
646 499 730 566 Nam
764 519 848 586 quae
880 498 977 566 hodie
1009 499 1103 582 colit,
1136 518 1214 566 mox
1242 506 1280 567 ut
1308 500 1456 570 obsoleta

236 621 340 698 reicit,
362 626 395 686 et
416 637 497 705 quae
519 635 605 684 nunc
628 617 725 684 etiarn
745 619 911 702 incognita
932 625 1009 685 sunt
1022 624 1078 684 aut
1091 637 1176 684 nova
1192 625 1289 704 atque
1310 595 1453 698 insolite,

237 739 324 804 brevi
348 739 380 805 in
403 737 602 807 cotidianum
624 755 718 805 usum
753 738 896 804 asciscit.
941 736 1014 803 Non
1045 737 1146 820 igitur
1180 739 1366 819 negaverim
1396 759 1453 826 po·

235 860 338 924 tuisse
360 857 519 938 accidere,
541 864 577 924 ut
599 855 772 943 Euripides
794 857 844 922 sui
866 855 1149 942 ipsiustamquam
1164 854 1332 922 dissimilis
1354 847 1453 937 fieret,

236 985 268 1045 et
290 977 444 1064 probaret
466 980 594 1064 postea,
618 983 694 1041 ante
717 993 801 1059 quac
823 982 858 1042 ut
880 975 1038 1041 inusitate
1060 979 1236 1060 spreverat.
1279 976 1389 1061 Atque
1411 995 1452 1042 ne

236 1115 363 1163 omnam
385 1097 485 1162 animi
508 1093 756 1160 commotionem
789 1092 903 1160 tollere
936 1093 1067 1174 uidear,
1098 1093 1147 1159 vel
1184 1095 1245 1180 ipsi
1270 1091 1330 1159 heo
1351 1096 1384 1161 in
1418 1114 1453 1162 re

181 1273 186 1282 .
238 1214 441 1302 aliquantum
466 1213 622 1296 concedo,
651 1232 715 1278 non
738 1232 799 1299 quo
822 1232 907 1278 nuno
939 1211 1126 1278 Hermanno
1158 1212 1389 1300 obtemperans
1412 1213 1453 1280 ab

236 1355 274 1400 ea
297 1355 424 1400 omruem
448 1333 628 1400 dorismum
650 1331 831 1418 profectum
856 1351 926 1397 esse
956 1336 1078 1417 putem,
1101 1331 1363 1400 terminationem
1392 1302 1452 1400 im·-

236 1454 363 1538 primis,
385 1451 442 1520 sed
466 1453 616 1519 nonnisi
642 1453 682 1518 de
705 1450 863 1536 stirpibus
887 1449 1060 1515 verborum
1094 1447 1218 1536 loquor,
1249 1457 1282 1516 et
1310 1452 1451 1538 quodam

236 1571 330 1638 modo
364 1589 482 1638 revoco
504 1571 547 1637 ad
576 1569 646 1639 hus.
682 1587 765 1657 quea
795 1568 850 1635 ille
884 1569 916 1633 in
947 1568 1133 1633 universum
1165 1570 1355 1636 iactaverat.
1398 1569 1452 1636 Ad

234 1691 333 1759 istem
355 1691 457 1774 igitur
488 1689 591 1756 animi
621 1687 869 1754 commotionem
899 1685 1074 1763 retulerim,
1104 1687 1189 1772 quod
1219 1707 1451 1774 nonnunquam

233 1817 363 1896 praeter
384 1809 649 1875 consuetudinem
674 1805 804 1873 doricus
827 1804 1001 1891 Euripides
1024 1805 1144 1872 extitit.
1169 1807 1267 1873 Curius
1290 1808 1336 1872 rei
1358 1825 1450 1890 egre·

233 1930 321 2011 gium
343 1927 529 2015 exemplum
552 1926 653 1994 habeo
676 1925 773 2014 Hipp.
798 1947 827 1990 ν.
853 1927 943 1992 1135.
988 1922 1113 1990 Chorus
1137 1945 1207 1994 cunr
1232 1926 1352 1992 insonti
1368 1925 1449 2012 Hip-

232 2045 344 2134 polyto
366 2045 540 2134 perniciem
565 2046 687 2112 instare
709 2043 829 2125 videet,
851 2043 1062 2110 acerbissimo
1086 2043 1198 2111 dolore
1221 2043 1383 2127 agitatur:

599 2150 624 2227 ui
649 2159 794 2230 τάλαινα

597 2286 717 2373 μᾶτερ,
740 2279 848 2362 ἔτεκες
869 2278 1027 2362 ἂνόνατα,
1050 2281 1127 2366 φεῦ,

598 2403 705 2488 pavire
729 2403 867 2468 θεοῖσιν.

317 2521 453 2588 Frustra
476 2522 543 2587 alie
564 2519 700 2587 dorismi
722 2523 754 2586 iu
779 2541 855 2586 roco
878 2523 982 2610 puy-„dre
1006 2518 1156 2605 exempla
1178 2539 1326 2607 quaeras,
1359 2523 1446 2610 quin,

231 2640 765 2727 1111111111,11111Α1111111111,
800 2647 949 2706 austerae
984 2639 1087 2720 illum,
1118 2645 1154 2705 ut
1175 2640 1222 2705 ait
1251 2640 1446 2722 Boeekhius,

231 2760 475 2849 compositionis
495 2767 701 2840 sectatorem,
746 2759 830 2826 Num
851 2759 950 2837 icitur
981 2756 1241 2824 tollendusest?
1271 2779 1313 2826 en
1335 2763 1446 2847 potius

232 2879 365 2946 immani
388 2879 445 2946 illo
466 2881 574 2968 μανίω
598 2880 726 2946 θεοῖσιν
759 2877 964 2944 defenditur?
1008 2876 1136 2942 Similes
1168 2881 1244 2942 sunt
1273 2875 1389 2946 Bacch.
1414 2901 1444 2944 v.

231 2997 466 3064 1011111111.
489 3017 518 3064 ν.
544 2999 613 3064 117.
659 2995 858 3064 Baccharum
882 2993 1000 3060 chorus
1023 3001 1119 3060 antea
1139 2993 1314 3062 Pentheum
1328 3017 1444 3080 regem

230 3119 445 3184 extimescens
467 3136 553 3182 nunc
575 3137 646 3182 eum
670 3117 806 3202 periisse
828 3114 939 3190 audite
959 3114 1034 3180 inde

315 3227 438 3324 εὐάζω,
463 3236 593 3315 clamat,
616 3233 695 3316 ξένα
718 3232 833 3320 μέλεσι
856 3229 1058 3323 βαρβάροις.

316 3345 429 3420 οὐκέτι
454 3351 517 3442 γὰρ
541 3352 667 3442 δεσμῶν
693 3347 755 3418 ὑπὸ
780 3348 883 3436 φόβῳ

316 3467 476 3560 11τῆ1111.
508 3511 541 3522 -
558 3511 597 3522 -
612 3509 655 3522 -—
677 3471 841 3551 Quantum
864 3470 904 3537 ab
927 3470 977 3536 his
999 3471 1122 3537 distant
1134 3471 1319 3560 Polyxenus
1333 3474 1442 3560 verbm

230 3587 1172 3678 1111111111,11Β1111111,1111111111111,
1206 3593 1264 3660 sed
1296 3600 1445 3662 recenter

229 3714 463 3797 perterrelacte
485 3710 600 3776 metris
624 3709 820 3778 clamoribus
843 3730 860 3777 1
883 3709 1086 3795 captivarum
1108 3712 1250 3780 tentorio
1273 3713 1415 3800 proruit:

529 3831 648 3918 μᾶτερ,
671 3831 789 3918 μᾶτερ,
812 3827 846 3894 τί
867 3827 966 3916 βοᾷς.
991 3827 1024 3894 τί
1046 3827 1116 3894 νέον

531 3942 693 4034 καρύξασ’
716 3941 815 4012 οἴκων
837 3943 872 4038 μ’
896 3940 939 4012 ὡς
960 3941 1048 4036 ὄρνιν

529 4061 663 4156 θάμβει
686 4063 764 4150 τῷδ’
787 4061 913 4149 afferro
923 4063 994 4150 ξας.

310 4187 344 4256 Si
366 4186 485 4274 ubique
507 4187 745 4274 scripturarum
768 4185 1010 4275 discrepantiae
1032 4193 1099 4256 tem
1130 4192 1220 4256 certo
1240 4188 1282 4256 ed
1312 4207 1444 4258 sensnm

226 4307 370 4374 revocari
395 4313 537 4393 possent,
561 4325 671 4374 omues
704 4305 925 4374 dubitationes
958 4311 1087 4374 nostrae
1118 4307 1213 4376 facile
1242 4307 1443 4378 tollerentur.
