<?xml version="1.0" encoding="UTF-8"?>
<!DOCTYPE html PUBLIC "-//W3C//DTD XHTML 1.0 Transitional//EN"
    "http://www.w3.org/TR/xhtml1/DTD/xhtml1-transitional.dtd">
<html xmlns="http://www.w3.org/1999/xhtml" xml:lang="en" lang="en">
 <head>
  <title>
</title>
<meta http-equiv="Content-Type" content="text/html;charset=utf-8" />
  <meta name='ocr-system' content='tesseract 3.04.00' />
  <meta name='ocr-capabilities' content='ocr_page ocr_carea ocr_par ocr_line ocrx_word'/>
</head>
<body>
  <div class='ocr_page' id='page_1' title='image "./quarationeeurip00weidgoog_0027.png"; bbox 0 0 3260 4742; ppageno 0'>
   <div class='ocr_carea' id='block_1_1' title="bbox 656 185 949 250">
    <p class='ocr_par' dir='ltr' id='par_1_1' title="bbox 656 185 949 250">
     <span class='ocr_line' id='line_1_1' title="bbox 656 185 949 250; baseline 0.003 -16"><span class='ocrx_word' id='word_1_1' title='bbox 656 185 949 250; x_wconf 71' lang='lat'>„40..</span> 
     </span>
    </p>
   </div>
   <div class='ocr_carea' id='block_1_2' title="bbox 98 353 1423 2706">
    <p class='ocr_par' dir='ltr' id='par_1_2' title="bbox 98 353 1423 2706">
     <span class='ocr_line' id='line_1_2' title="bbox 181 353 1405 443; baseline 0.003 -23"><span class='ocrx_word' id='word_1_2' title='bbox 181 356 235 440; x_wconf 91' lang='lat' dir='ltr'>qui</span> <span class='ocrx_word' id='word_1_3' title='bbox 259 353 362 443; x_wconf 66' lang='grc' dir='ltr'>Ζηνός</span> <span class='ocrx_word' id='word_1_4' title='bbox 390 357 520 424; x_wconf 88' lang='lat' dir='ltr'>habent.</span> <span class='ocrx_word' id='word_1_5' title='bbox 567 358 680 423; x_wconf 88' lang='lat' dir='ltr'>Potest</span> <span class='ocrx_word' id='word_1_6' title='bbox 703 357 786 422; x_wconf 92' lang='lat' dir='ltr'>enim</span> <span class='ocrx_word' id='word_1_7' title='bbox 811 357 889 437; x_wconf 87' lang='lat' dir='ltr'>fieri,</span> <span class='ocrx_word' id='word_1_8' title='bbox 914 363 949 422; x_wconf 93' lang='lat' dir='ltr'>ut</span> <span class='ocrx_word' id='word_1_9' title='bbox 973 357 1091 422; x_wconf 85' lang='lat' dir='ltr'>uiderit</span> <span class='ocrx_word' id='word_1_10' title='bbox 1117 357 1170 426; x_wconf 87' lang='lat' dir='ltr'>iile</span> <span class='ocrx_word' id='word_1_11' title='bbox 1197 377 1324 434; x_wconf 79' lang='lat' dir='ltr'>serum3</span> <span class='ocrx_word' id='word_1_12' title='bbox 1347 359 1405 424; x_wconf 85' lang='lat' dir='ltr'>sed</span> 
     </span>
     <span class='ocr_line' id='line_1_3' title="bbox 182 473 1404 557; baseline 0.003 -18"><span class='ocrx_word' id='word_1_13' title='bbox 182 475 408 542; x_wconf 86' lang='lat' dir='ltr'>abstinendum</span> <span class='ocrx_word' id='word_1_14' title='bbox 434 483 484 542; x_wconf 87' lang='lat' dir='ltr'>ast</span> <span class='ocrx_word' id='word_1_15' title='bbox 507 497 527 542; x_wconf 88' lang='lat' dir='ltr'>a</span> <span class='ocrx_word' id='word_1_16' title='bbox 550 476 775 555; x_wconf 82' lang='lat' dir='ltr'>coniectando,</span> <span class='ocrx_word' id='word_1_17' title='bbox 798 473 863 555; x_wconf 88' lang='lat' dir='ltr'>ubi,</span> <span class='ocrx_word' id='word_1_18' title='bbox 887 496 951 542; x_wconf 92' lang='lat' dir='ltr'>non</span> <span class='ocrx_word' id='word_1_19' title='bbox 975 477 1047 542; x_wconf 83' lang='lat' dir='ltr'>dico</span> <span class='ocrx_word' id='word_1_20' title='bbox 1071 491 1194 557; x_wconf 83' lang='lat' dir='ltr'>uerum,</span> <span class='ocrx_word' id='word_1_21' title='bbox 1217 476 1276 542; x_wconf 91' lang='lat' dir='ltr'>sed</span> <span class='ocrx_word' id='word_1_22' title='bbox 1298 477 1404 544; x_wconf 88' lang='lat' dir='ltr'>simile</span> 
     </span>
     <span class='ocr_line' id='line_1_4' title="bbox 186 581 1341 683; baseline 0.004 -26"><span class='ocrx_word' id='word_1_23' title='bbox 186 595 254 660; x_wconf 85' lang='lat' dir='ltr'>veri</span> <span class='ocrx_word' id='word_1_24' title='bbox 278 615 358 673; x_wconf 88' lang='lat' dir='ltr'>esse,</span> <span class='ocrx_word' id='word_1_25' title='bbox 381 581 467 683; x_wconf 89' lang='lat' dir='ltr'>quod</span> <span class='ocrx_word' id='word_1_26' title='bbox 491 596 734 674; x_wconf 71' lang='lat' dir='ltr'>coniectaveriq</span> <span class='ocrx_word' id='word_1_27' title='bbox 758 595 969 680; x_wconf 85' lang='lat' dir='ltr'>comprobare</span> <span class='ocrx_word' id='word_1_28' title='bbox 991 592 1078 661; x_wconf 89' lang='lat' dir='ltr'>nullo</span> <span class='ocrx_word' id='word_1_29' title='bbox 1101 595 1198 660; x_wconf 88' lang='lat' dir='ltr'>modo</span> <span class='ocrx_word' id='word_1_30' title='bbox 1221 598 1341 682; x_wconf 78' lang='lat' dir='ltr'>possis,</span> 
     </span>
     <span class='ocr_line' id='line_1_5' title="bbox 271 695 1402 801; baseline 0.001 -22"><span class='ocrx_word' id='word_1_31' title='bbox 271 714 316 779; x_wconf 84' lang='lat' dir='ltr'>Ar</span> <span class='ocrx_word' id='word_1_32' title='bbox 339 735 415 780; x_wconf 86' lang='lat' dir='ltr'>uero</span> <span class='ocrx_word' id='word_1_33' title='bbox 437 713 521 780; x_wconf 89' lang='lat' dir='ltr'>bano</span> <span class='ocrx_word' id='word_1_34' title='bbox 554 735 650 801; x_wconf 86' lang='lat' dir='ltr'>quam</span> <span class='ocrx_word' id='word_1_35' title='bbox 685 715 834 781; x_wconf 86' lang='lat' dir='ltr'>desidero</span> <span class='ocrx_word' id='word_1_36' title='bbox 865 695 1149 780; x_wconf 82' lang='lat' dir='ltr'>verisimilit&#39;otem</span> <span class='ocrx_word' id='word_1_37' title='bbox 1173 735 1402 800; x_wconf 88' lang='lat' dir='ltr'>nonnunquam</span> 
     </span>
     <span class='ocr_line' id='line_1_6' title="bbox 185 833 1405 920; baseline 0.003 -24"><span class='ocrx_word' id='word_1_38' title='bbox 185 851 245 897; x_wconf 86' lang='lat' dir='ltr'>nos</span> <span class='ocrx_word' id='word_1_39' title='bbox 268 835 399 920; x_wconf 86' lang='lat' dir='ltr'><strong>assequi</strong></span> <span class='ocrx_word' id='word_1_40' title='bbox 421 853 517 920; x_wconf 91' lang='lat' dir='ltr'>posse</span> <span class='ocrx_word' id='word_1_41' title='bbox 539 835 689 900; x_wconf 78' lang='lat' dir='ltr'>arbitror.</span> <span class='ocrx_word' id='word_1_42' title='bbox 736 835 817 901; x_wconf 86' lang='lat' dir='ltr'>Num</span> <span class='ocrx_word' id='word_1_43' title='bbox 842 835 870 898; x_wconf 88' lang='lat' dir='ltr'>si</span> <span class='ocrx_word' id='word_1_44' title='bbox 893 849 1005 899; x_wconf 88' lang='lat' dir='ltr'>omnes</span> <span class='ocrx_word' id='word_1_45' title='bbox 1030 834 1133 911; x_wconf 69' lang='lat' dir='ltr'>locos,</span> <span class='ocrx_word' id='word_1_46' title='bbox 1154 833 1269 920; x_wconf 90' lang='lat' dir='ltr'>quibus</span> <span class='ocrx_word' id='word_1_47' title='bbox 1303 835 1405 920; x_wconf 86' lang='lat' dir='ltr'>quud·</span> 
     </span>
     <span class='ocr_line' id='line_1_7' title="bbox 188 952 1405 1040; baseline 0.002 -25"><span class='ocrx_word' id='word_1_48' title='bbox 188 971 250 1036; x_wconf 89' lang='lat' dir='ltr'>que</span> <span class='ocrx_word' id='word_1_49' title='bbox 273 953 406 1018; x_wconf 86' lang='lat' dir='ltr'>verbum</span> <span class='ocrx_word' id='word_1_50' title='bbox 428 953 565 1036; x_wconf 85' lang='lat' dir='ltr'>legatur,</span> <span class='ocrx_word' id='word_1_51' title='bbox 587 955 620 1018; x_wconf 91' lang='lat' dir='ltr'>iu</span> <span class='ocrx_word' id='word_1_52' title='bbox 644 952 786 1019; x_wconf 83' lang='lat' dir='ltr'>calculos</span> <span class='ocrx_word' id='word_1_53' title='bbox 823 971 985 1035; x_wconf 83' lang='lat' dir='ltr'>vocemus,</span> <span class='ocrx_word' id='word_1_54' title='bbox 1014 953 1171 1040; x_wconf 82' lang='lat' dir='ltr'>quaedam</span> <span class='ocrx_word' id='word_1_55' title='bbox 1203 973 1273 1020; x_wconf 87' lang='lat' dir='ltr'>osse</span> <span class='ocrx_word' id='word_1_56' title='bbox 1308 953 1405 1020; x_wconf 84' lang='lat' dir='ltr'>verba</span> 
     </span>
     <span class='ocr_line' id='line_1_8' title="bbox 188 1069 1405 1158; baseline 0.003 -26"><span class='ocrx_word' id='word_1_57' title='bbox 188 1069 383 1152; x_wconf 84' lang='lat' dir='ltr'>videbimus,</span> <span class='ocrx_word' id='word_1_58' title='bbox 418 1072 589 1158; x_wconf 87' lang='lat' dir='ltr'>inquibus</span> <span class='ocrx_word' id='word_1_59' title='bbox 619 1073 802 1138; x_wconf 78' lang='lat' dir='ltr'>sexcenties</span> <span class='ocrx_word' id='word_1_60' title='bbox 836 1071 999 1136; x_wconf 89' lang='lat' dir='ltr'>dorismus</span> <span class='ocrx_word' id='word_1_61' title='bbox 1027 1073 1190 1138; x_wconf 85' lang='lat' dir='ltr'>admissus</span> <span class='ocrx_word' id='word_1_62' title='bbox 1221 1072 1273 1149; x_wconf 89' lang='lat' dir='ltr'>sit,</span> <span class='ocrx_word' id='word_1_63' title='bbox 1305 1072 1405 1139; x_wconf 87' lang='lat' dir='ltr'>semel</span> 
     </span>
     <span class='ocr_line' id='line_1_9' title="bbox 181 1189 1423 1278; baseline 0.002 -24"><span class='ocrx_word' id='word_1_64' title='bbox 181 1193 315 1256; x_wconf 51' lang='lat' dir='ltr'>&#39;tantum</span> <span class='ocrx_word' id='word_1_65' title='bbox 337 1191 495 1257; x_wconf 83' lang='lat' dir='ltr'>iterumve</span> <span class='ocrx_word' id='word_1_66' title='bbox 519 1191 597 1278; x_wconf 79' lang='lat' dir='ltr'>iliiq</span> <span class='ocrx_word' id='word_1_67' title='bbox 613 1193 804 1278; x_wconf 85' lang='lat' dir='ltr'>praelatum.</span> <span class='ocrx_word' id='word_1_68' title='bbox 828 1189 912 1256; x_wconf 90' lang='lat' dir='ltr'>Sunt</span> <span class='ocrx_word' id='word_1_69' title='bbox 935 1196 1044 1257; x_wconf 74' lang='lat' dir='ltr'>arbem</span> <span class='ocrx_word' id='word_1_70' title='bbox 1061 1191 1156 1256; x_wconf 86' lang='lat' dir='ltr'>baec:</span> <span class='ocrx_word' id='word_1_71' title='bbox 1182 1190 1246 1274; x_wconf 63' lang='lat' dir='ltr'>(Cf.</span> <span class='ocrx_word' id='word_1_72' title='bbox 1261 1191 1423 1272; x_wconf 71' lang='lat' dir='ltr'>tabula⁸</span> 
     </span>
     <span class='ocr_line' id='line_1_10' title="bbox 190 1309 714 1396; baseline 0.006 -2"><span class='ocrx_word' id='word_1_73' title='bbox 190 1327 252 1394; x_wconf 81' lang='lat' dir='ltr'>rc·</span> <span class='ocrx_word' id='word_1_74' title='bbox 274 1309 331 1375; x_wconf 86' lang='lat'>14·</span> <span class='ocrx_word' id='word_1_75' title='bbox 356 1313 456 1396; x_wconf 72' lang='lat' dir='ltr'>suoi</span> <span class='ocrx_word' id='word_1_76' title='bbox 710 1309 714 1316; x_wconf 85' lang='lat'>&#39;</span> 
     </span>
     <span class='ocr_line' id='line_1_11' title="bbox 190 1422 942 1515; baseline 0.008 -26"><span class='ocrx_word' id='word_1_77' title='bbox 190 1422 287 1492; x_wconf 75' lang='grc' dir='ltr'>ἅλιος</span> <span class='ocrx_word' id='word_1_78' title='bbox 310 1431 378 1494; x_wconf 89' lang='lat' dir='ltr'>sive</span> <span class='ocrx_word' id='word_1_79' title='bbox 400 1427 512 1494; x_wconf 80' lang='grc' dir='ltr'>ἀέλιος</span> <span class='ocrx_word' id='word_1_80' title='bbox 535 1442 571 1504; x_wconf 84' lang='lat' dir='ltr'>(a</span> <span class='ocrx_word' id='word_1_81' title='bbox 594 1429 661 1496; x_wconf 82' lang='lat' dir='ltr'>fe&#39;re</span> <span class='ocrx_word' id='word_1_82' title='bbox 683 1431 804 1506; x_wconf 72' lang='lat' dir='ltr'>tricies</span> <span class='ocrx_word' id='word_1_83' title='bbox 825 1439 875 1495; x_wconf 89' lang='lat' dir='ltr'>ter</span> <span class='ocrx_word' id='word_1_84' title='bbox 898 1431 942 1515; x_wconf 79' lang='lat' dir='ltr'>q).</span> 
     </span>
     <span class='ocr_line' id='line_1_12' title="bbox 191 1545 1146 1638; baseline -0.003 -27"><span class='ocrx_word' id='word_1_85' title='bbox 191 1547 351 1637; x_wconf 71' lang='lat' dir='ltr'>bpirspor</span> <span class='ocrx_word' id='word_1_86' title='bbox 374 1549 478 1630; x_wconf 83' lang='lat' dir='ltr'>(circa</span> <span class='ocrx_word' id='word_1_87' title='bbox 501 1551 669 1636; x_wconf 84' lang='lat' dir='ltr'>quinquies</span> <span class='ocrx_word' id='word_1_88' title='bbox 692 1549 812 1632; x_wconf 85' lang='lat' dir='ltr'>decies,</span> <span class='ocrx_word' id='word_1_89' title='bbox 836 1549 935 1614; x_wconf 89' lang='lat' dir='ltr'>semei</span> <span class='ocrx_word' id='word_1_90' title='bbox 959 1545 1146 1638; x_wconf 68' lang='grc' dir='ltr'>ἡμέτεροςλ</span> 
     </span>
     <span class='ocr_line' id='line_1_13' title="bbox 192 1662 746 1755; baseline 0.005 -26"><span class='ocrx_word' id='word_1_91' title='bbox 192 1662 355 1732; x_wconf 73' lang='grc' dir='ltr'>δύστανος</span> <span class='ocrx_word' id='word_1_92' title='bbox 379 1668 462 1754; x_wconf 86' lang='lat' dir='ltr'>(iere</span> <span class='ocrx_word' id='word_1_93' title='bbox 487 1670 604 1748; x_wconf 77' lang='lat' dir='ltr'>tricies,</span> <span class='ocrx_word' id='word_1_94' title='bbox 629 1669 677 1734; x_wconf 90' lang='lat' dir='ltr'>bis</span> <span class='ocrx_word' id='word_1_95' title='bbox 700 1668 746 1755; x_wconf 78' lang='lat' dir='ltr'>q).</span> 
     </span>
     <span class='ocr_line' id='line_1_14' title="bbox 191 1783 867 1874; baseline 0.006 -25"><span class='ocrx_word' id='word_1_96' title='bbox 191 1784 319 1852; x_wconf 75' lang='grc' dir='ltr'><strong><em>θνατός</em></strong></span> <span class='ocrx_word' id='word_1_97' title='bbox 343 1787 479 1874; x_wconf 89' lang='lat' dir='ltr'>(septies</span> <span class='ocrx_word' id='word_1_98' title='bbox 502 1789 620 1865; x_wconf 83' lang='lat' dir='ltr'>decies,</span> <span class='ocrx_word' id='word_1_99' title='bbox 643 1791 693 1853; x_wconf 91' lang='lat' dir='ltr'>ter</span> <span class='ocrx_word' id='word_1_100' title='bbox 716 1783 867 1873; x_wconf 63' lang='grc' dir='ltr'>θνητός).</span> 
     </span>
     <span class='ocr_line' id='line_1_15' title="bbox 115 1903 981 1996; baseline 0.003 -28"><span class='ocrx_word' id='word_1_101' title='bbox 115 1967 121 1978; x_wconf 31' lang='lat' dir='ltr'><strong><em>s</em></strong></span> <span class='ocrx_word' id='word_1_102' title='bbox 189 1903 300 1996; x_wconf 71' lang='grc' dir='ltr'><em>μάτηρ</em></span> <span class='ocrx_word' id='word_1_103' title='bbox 324 1908 406 1982; x_wconf 82' lang='lat' dir='ltr'>(iere</span> <span class='ocrx_word' id='word_1_104' title='bbox 429 1909 550 1974; x_wconf 89' lang='lat' dir='ltr'>centies</span> <span class='ocrx_word' id='word_1_105' title='bbox 574 1906 696 1988; x_wconf 66' lang='lat' dir='ltr'>tricies</span> <span class='ocrx_word' id='word_1_106' title='bbox 719 1909 819 1972; x_wconf 86' lang='lat' dir='ltr'>octies</span> <span class='ocrx_word' id='word_1_107' title='bbox 842 1903 981 1995; x_wconf 61' lang='grc' dir='ltr'>μήτηρ),</span> 
     </span>
     <span class='ocr_line' id='line_1_16' title="bbox 190 2022 751 2112; baseline 0 -24"><span class='ocrx_word' id='word_1_108' title='bbox 190 2022 309 2111; x_wconf 75' lang='grc' dir='ltr'>πλαγά</span> <span class='ocrx_word' id='word_1_109' title='bbox 331 2025 464 2112; x_wconf 81' lang='lat' dir='ltr'>(sexies,</span> <span class='ocrx_word' id='word_1_110' title='bbox 488 2026 589 2091; x_wconf 87' lang='lat' dir='ltr'>semel</span> <span class='ocrx_word' id='word_1_111' title='bbox 611 2023 751 2112; x_wconf 71' lang='lat' dir='ltr'>aiqqo&#39;),</span> 
     </span>
     <span class='ocr_line' id='line_1_17' title="bbox 190 2131 677 2234; baseline 0.002 -27"><span class='ocrx_word' id='word_1_112' title='bbox 190 2141 291 2232; x_wconf 71' lang='grc' dir='ltr'>φάμα</span> <span class='ocrx_word' id='word_1_113' title='bbox 315 2131 462 2230; x_wconf 66' lang='lat' dir='ltr'>(septies,</span> <span class='ocrx_word' id='word_1_114' title='bbox 485 2145 534 2211; x_wconf 86' lang='lat' dir='ltr'>bis</span> <span class='ocrx_word' id='word_1_115' title='bbox 552 2141 677 2234; x_wconf 58' lang='lat' dir='ltr'>Oppia),</span> 
     </span>
     <span class='ocr_line' id='line_1_18' title="bbox 98 2259 1005 2352; baseline 0.001 -25"><span class='ocrx_word' id='word_1_116' title='bbox 98 2304 102 2310; x_wconf 95' lang='lat'><em>-</em></span> <span class='ocrx_word' id='word_1_117' title='bbox 187 2259 327 2350; x_wconf 73' lang='grc' dir='ltr'>τλάμων</span> <span class='ocrx_word' id='word_1_118' title='bbox 350 2263 554 2351; x_wconf 79' lang='lat' dir='ltr'>(plus-quam</span> <span class='ocrx_word' id='word_1_119' title='bbox 578 2265 699 2336; x_wconf 77' lang='lat' dir='ltr'>tricies,</span> <span class='ocrx_word' id='word_1_120' title='bbox 724 2263 772 2328; x_wconf 79' lang='lat' dir='ltr'>bis</span> <span class='ocrx_word' id='word_1_121' title='bbox 798 2259 951 2352; x_wconf 59' lang='grc' dir='ltr'>τλήμων)</span> <span class='ocrx_word' id='word_1_122' title='bbox 980 2268 1005 2339; x_wconf 88' lang='grc'>).</span> 
     </span>
     <span class='ocr_line' id='line_1_19' title="bbox 273 2381 1403 2464; baseline 0 -16"><span class='ocrx_word' id='word_1_123' title='bbox 273 2381 333 2448; x_wconf 86' lang='lat' dir='ltr'>His</span> <span class='ocrx_word' id='word_1_124' title='bbox 356 2384 457 2464; x_wconf 83' lang='lat' dir='ltr'>igitur</span> <span class='ocrx_word' id='word_1_125' title='bbox 480 2385 516 2447; x_wconf 91' lang='lat' dir='ltr'>iu·</span> <span class='ocrx_word' id='word_1_126' title='bbox 536 2383 641 2450; x_wconf 87' lang='lat' dir='ltr'>verbis</span> <span class='ocrx_word' id='word_1_127' title='bbox 664 2403 726 2448; x_wconf 90' lang='lat' dir='ltr'>non</span> <span class='ocrx_word' id='word_1_128' title='bbox 751 2382 846 2449; x_wconf 87' lang='lat' dir='ltr'>credo</span> <span class='ocrx_word' id='word_1_129' title='bbox 869 2383 1042 2448; x_wconf 88' lang='lat' dir='ltr'>temerario</span> <span class='ocrx_word' id='word_1_130' title='bbox 1071 2403 1130 2448; x_wconf 88' lang='lat' dir='ltr'>nos</span> <span class='ocrx_word' id='word_1_131' title='bbox 1153 2381 1272 2448; x_wconf 83' lang='lat' dir='ltr'>iudicio</span> <span class='ocrx_word' id='word_1_132' title='bbox 1295 2382 1352 2463; x_wconf 87' lang='lat' dir='ltr'>uti,</span> <span class='ocrx_word' id='word_1_133' title='bbox 1375 2383 1403 2448; x_wconf 89' lang='lat' dir='ltr'>si</span> 
     </span>
     <span class='ocr_line' id='line_1_20' title="bbox 190 2501 1404 2588; baseline 0.002 -24"><span class='ocrx_word' id='word_1_134' title='bbox 190 2527 210 2564; x_wconf 81' lang='grc' dir='ltr'><em>α</em></span> <span class='ocrx_word' id='word_1_135' title='bbox 233 2502 377 2567; x_wconf 89' lang='lat' dir='ltr'>doricum</span> <span class='ocrx_word' id='word_1_136' title='bbox 402 2501 519 2587; x_wconf 92' lang='lat' dir='ltr'>ubique</span> <span class='ocrx_word' id='word_1_137' title='bbox 541 2501 777 2567; x_wconf 86' lang='lat' dir='ltr'>restituendum</span> <span class='ocrx_word' id='word_1_138' title='bbox 808 2521 1006 2568; x_wconf 82' lang='lat' dir='ltr'>censeamus.</span> <span class='ocrx_word' id='word_1_139' title='bbox 1052 2503 1163 2588; x_wconf 88' lang='lat' dir='ltr'>Neque</span> <span class='ocrx_word' id='word_1_140' title='bbox 1194 2503 1277 2566; x_wconf 91' lang='lat' dir='ltr'>enim</span> <span class='ocrx_word' id='word_1_141' title='bbox 1312 2521 1404 2586; x_wconf 89' lang='lat' dir='ltr'>spre-</span> 
     </span>
     <span class='ocr_line' id='line_1_21' title="bbox 187 2619 1404 2706; baseline -0.001 -20"><span class='ocrx_word' id='word_1_142' title='bbox 187 2627 254 2686; x_wconf 88' lang='lat' dir='ltr'>tum</span> <span class='ocrx_word' id='word_1_143' title='bbox 278 2620 525 2706; x_wconf 85' lang='lat' dir='ltr'>neglectumque</span> <span class='ocrx_word' id='word_1_144' title='bbox 559 2619 705 2686; x_wconf 85' lang='lat' dir='ltr'>consulto</span> <span class='ocrx_word' id='word_1_145' title='bbox 729 2620 768 2685; x_wconf 88' lang='lat' dir='ltr'>ab</span> <span class='ocrx_word' id='word_1_146' title='bbox 793 2622 862 2706; x_wconf 88' lang='lat' dir='ltr'>ipsc</span> <span class='ocrx_word' id='word_1_147' title='bbox 887 2626 984 2706; x_wconf 88' lang='lat' dir='ltr'>poeta</span> <span class='ocrx_word' id='word_1_148' title='bbox 1007 2622 1143 2689; x_wconf 86' lang='lat' dir='ltr'>videtur.</span> <span class='ocrx_word' id='word_1_149' title='bbox 1177 2627 1212 2686; x_wconf 91' lang='lat' dir='ltr'>ut</span> <span class='ocrx_word' id='word_1_150' title='bbox 1235 2621 1320 2705; x_wconf 90' lang='lat' dir='ltr'>quod</span> <span class='ocrx_word' id='word_1_151' title='bbox 1342 2623 1404 2685; x_wconf 89' lang='lat' dir='ltr'>rui·</span> 
     </span>
    </p>
   </div>
   <div class='ocr_carea' id='block_1_3' title="bbox 88 2739 1404 2824">
    <p class='ocr_par' dir='ltr' id='par_1_3' title="bbox 88 2739 1404 2824">
     <span class='ocr_line' id='line_1_22' title="bbox 88 2739 1404 2824; baseline 0 -21"><span class='ocrx_word' id='word_1_152' title='bbox 88 2744 91 2752; x_wconf 86' lang='lat'>&#39;</span> <span class='ocrx_word' id='word_1_153' title='bbox 187 2758 247 2803; x_wconf 89' lang='lat' dir='ltr'>nus</span> <span class='ocrx_word' id='word_1_154' title='bbox 270 2741 377 2804; x_wconf 89' lang='lat' dir='ltr'>sensui</span> <span class='ocrx_word' id='word_1_155' title='bbox 401 2741 646 2824; x_wconf 81' lang='lat' dir='ltr'>sententiaeque</span> <span class='ocrx_word' id='word_1_156' title='bbox 669 2740 865 2814; x_wconf 84' lang='lat' dir='ltr'>conveniret,</span> <span class='ocrx_word' id='word_1_157' title='bbox 890 2741 947 2804; x_wconf 89' lang='lat' dir='ltr'>sed</span> <span class='ocrx_word' id='word_1_158' title='bbox 972 2739 1058 2804; x_wconf 88' lang='lat' dir='ltr'>mala</span> <span class='ocrx_word' id='word_1_159' title='bbox 1080 2739 1287 2804; x_wconf 86' lang='lat' dir='ltr'>librariorum</span> <span class='ocrx_word' id='word_1_160' title='bbox 1314 2741 1404 2805; x_wconf 91' lang='lat' dir='ltr'>iucu-</span> 
     </span>
    </p>
   </div>
   <div class='ocr_carea' id='block_1_4' title="bbox 187 2857 1404 3300">
    <p class='ocr_par' dir='ltr' id='par_1_4' title="bbox 187 2857 1404 3300">
     <span class='ocr_line' id='line_1_23' title="bbox 189 2857 1404 2945; baseline 0.002 -23"><span class='ocrx_word' id='word_1_161' title='bbox 189 2858 238 2922; x_wconf 87' lang='lat' dir='ltr'>ria</span> <span class='ocrx_word' id='word_1_162' title='bbox 259 2858 433 2923; x_wconf 85' lang='lat' dir='ltr'>sublatum.</span> <span class='ocrx_word' id='word_1_163' title='bbox 473 2859 551 2925; x_wconf 86' lang='lat' dir='ltr'>Cum</span> <span class='ocrx_word' id='word_1_164' title='bbox 575 2858 712 2944; x_wconf 84' lang='lat' dir='ltr'>denique</span> <span class='ocrx_word' id='word_1_165' title='bbox 735 2857 784 2922; x_wconf 87' lang='lat' dir='ltr'>vel</span> <span class='ocrx_word' id='word_1_166' title='bbox 807 2857 888 2922; x_wconf 88' lang='lat' dir='ltr'>iilud</span> <span class='ocrx_word' id='word_1_167' title='bbox 912 2857 1057 2936; x_wconf 85' lang='lat' dir='ltr'>accedat,</span> <span class='ocrx_word' id='word_1_168' title='bbox 1081 2863 1117 2924; x_wconf 86' lang='lat' dir='ltr'>ut</span> <span class='ocrx_word' id='word_1_169' title='bbox 1133 2884 1156 2945; x_wconf 67' lang='lat' dir='ltr'>,q</span> <span class='ocrx_word' id='word_1_170' title='bbox 1180 2859 1274 2940; x_wconf 86' lang='lat' dir='ltr'>longe</span> <span class='ocrx_word' id='word_1_171' title='bbox 1305 2858 1404 2944; x_wconf 88' lang='lat' dir='ltr'>pluri-</span> 
     </span>
     <span class='ocr_line' id='line_1_24' title="bbox 187 2976 1403 3054; baseline 0.001 -13"><span class='ocrx_word' id='word_1_172' title='bbox 187 2977 249 3042; x_wconf 89' lang='lat' dir='ltr'>mis</span> <span class='ocrx_word' id='word_1_173' title='bbox 272 2977 353 3042; x_wconf 90' lang='lat' dir='ltr'>iocis</span> <span class='ocrx_word' id='word_1_174' title='bbox 375 2983 499 3044; x_wconf 89' lang='lat' dir='ltr'>tantum</span> <span class='ocrx_word' id='word_1_175' title='bbox 524 2984 579 3043; x_wconf 74' lang='grc' dir='ltr'>,ΒΟ</span> <span class='ocrx_word' id='word_1_176' title='bbox 600 2978 753 3043; x_wconf 89' lang='lat' dir='ltr'>librorum</span> <span class='ocrx_word' id='word_1_177' title='bbox 779 2976 841 3041; x_wconf 88' lang='lat' dir='ltr'>fide</span> <span class='ocrx_word' id='word_1_178' title='bbox 874 2979 1034 3042; x_wconf 90' lang='lat' dir='ltr'>munitum</span> <span class='ocrx_word' id='word_1_179' title='bbox 1057 2981 1109 3054; x_wconf 90' lang='lat' dir='ltr'>sit,</span> <span class='ocrx_word' id='word_1_180' title='bbox 1145 2979 1185 3043; x_wconf 82' lang='lat' dir='ltr'>rie</span> <span class='ocrx_word' id='word_1_181' title='bbox 1212 2979 1262 3042; x_wconf 91' lang='lat' dir='ltr'>bis</span> <span class='ocrx_word' id='word_1_182' title='bbox 1298 2977 1403 3042; x_wconf 86' lang='lat' dir='ltr'>verbis</span> 
     </span>
     <span class='ocr_line' id='line_1_25' title="bbox 187 3082 1404 3183; baseline 0 -23"><span class='ocrx_word' id='word_1_183' title='bbox 187 3097 290 3162; x_wconf 88' lang='lat' dir='ltr'>errari</span> <span class='ocrx_word' id='word_1_184' title='bbox 312 3116 513 3181; x_wconf 88' lang='lat' dir='ltr'>nequaquam</span> <span class='ocrx_word' id='word_1_185' title='bbox 538 3103 661 3183; x_wconf 89' lang='lat' dir='ltr'>potest;</span> <span class='ocrx_word' id='word_1_186' title='bbox 686 3117 724 3160; x_wconf 86' lang='lat' dir='ltr'>ea</span> <span class='ocrx_word' id='word_1_187' title='bbox 747 3098 831 3161; x_wconf 88' lang='lat' dir='ltr'>euim</span> <span class='ocrx_word' id='word_1_188' title='bbox 851 3101 899 3160; x_wconf 84' lang='lat' dir='ltr'>est</span> <span class='ocrx_word' id='word_1_189' title='bbox 915 3099 982 3160; x_wconf 89' lang='lat' dir='ltr'>veri</span> <span class='ocrx_word' id='word_1_190' title='bbox 1002 3082 1225 3182; x_wconf 80' lang='lat' dir='ltr'>probabilitas,</span> <span class='ocrx_word' id='word_1_191' title='bbox 1247 3108 1284 3161; x_wconf 91' lang='lat' dir='ltr'>ut</span> <span class='ocrx_word' id='word_1_192' title='bbox 1302 3115 1404 3182; x_wconf 91' lang='lat' dir='ltr'>paene</span> 
     </span>
     <span class='ocr_line' id='line_1_26' title="bbox 187 3214 1403 3300; baseline 0.002 -22"><span class='ocrx_word' id='word_1_193' title='bbox 187 3214 261 3299; x_wconf 89' lang='lat' dir='ltr'>ipsa</span> <span class='ocrx_word' id='word_1_194' title='bbox 282 3215 325 3280; x_wconf 93' lang='lat' dir='ltr'>sit</span> <span class='ocrx_word' id='word_1_195' title='bbox 352 3216 562 3297; x_wconf 84' lang='lat' dir='ltr'>integerrima</span> <span class='ocrx_word' id='word_1_196' title='bbox 597 3216 726 3282; x_wconf 85' lang='lat' dir='ltr'>veritas.</span> <span class='ocrx_word' id='word_1_197' title='bbox 770 3214 923 3280; x_wconf 87' lang='lat' dir='ltr'>Dubitari</span> <span class='ocrx_word' id='word_1_198' title='bbox 955 3215 1136 3300; x_wconf 82' lang='lat' dir='ltr'>potest-de</span> <span class='ocrx_word' id='word_1_199' title='bbox 1167 3215 1241 3281; x_wconf 85' lang='lat' dir='ltr'>aliis</span> <span class='ocrx_word' id='word_1_200' title='bbox 1272 3215 1403 3300; x_wconf 90' lang='lat' dir='ltr'>quibus·</span> 
     </span>
    </p>
   </div>
   <div class='ocr_carea' id='block_1_5' title="bbox 189 3323 1543 3421">
    <p class='ocr_par' dir='ltr' id='par_1_5' title="bbox 189 3323 1543 3421">
     <span class='ocr_line' id='line_1_27' title="bbox 189 3323 1543 3421; baseline 0.003 -25"><span class='ocrx_word' id='word_1_201' title='bbox 189 3330 274 3413; x_wconf 86' lang='lat' dir='ltr'>dam,</span> <span class='ocrx_word' id='word_1_202' title='bbox 296 3332 396 3399; x_wconf 84' lang='lat' dir='ltr'>veluti</span> <span class='ocrx_word' id='word_1_203' title='bbox 418 3335 457 3400; x_wconf 87' lang='lat' dir='ltr'>de</span> <span class='ocrx_word' id='word_1_204' title='bbox 480 3335 589 3417; x_wconf 76' lang='grc' dir='ltr'><strong><em>ἁνίκα,</em></strong></span> <span class='ocrx_word' id='word_1_205' title='bbox 613 3337 720 3410; x_wconf 76' lang='grc' dir='ltr'><em>νᾶσος,</em></span> <span class='ocrx_word' id='word_1_206' title='bbox 743 3329 850 3418; x_wconf 71' lang='lat' dir='ltr'>rapot,</span> <span class='ocrx_word' id='word_1_207' title='bbox 879 3351 962 3420; x_wconf 85' lang='lat' dir='ltr'>quae</span> <span class='ocrx_word' id='word_1_208' title='bbox 985 3340 1018 3400; x_wconf 90' lang='lat' dir='ltr'>et</span> <span class='ocrx_word' id='word_1_209' title='bbox 1040 3336 1114 3421; x_wconf 83' lang='lat' dir='ltr'>ipsa</span> <span class='ocrx_word' id='word_1_210' title='bbox 1136 3353 1264 3419; x_wconf 89' lang='lat' dir='ltr'>semper</span> <span class='ocrx_word' id='word_1_211' title='bbox 1295 3334 1404 3400; x_wconf 89' lang='lat' dir='ltr'>dorice</span> <span class='ocrx_word' id='word_1_212' title='bbox 1434 3357 1438 3364; x_wconf 79' lang='grc'><strong>’</strong></span> <span class='ocrx_word' id='word_1_213' title='bbox 1540 3323 1543 3330; x_wconf 50' lang='lat'><strong>⁴</strong></span> 
     </span>
    </p>
   </div>
   <div class='ocr_carea' id='block_1_6' title="bbox 187 3453 1418 4017">
    <p class='ocr_par' dir='ltr' id='par_1_6' title="bbox 187 3453 1406 3636">
     <span class='ocr_line' id='line_1_28' title="bbox 187 3453 1406 3540; baseline 0.002 -25"><span class='ocrx_word' id='word_1_214' title='bbox 187 3453 399 3536; x_wconf 88' lang='lat' dir='ltr'>pronuntiata</span> <span class='ocrx_word' id='word_1_215' title='bbox 421 3473 492 3520; x_wconf 90' lang='lat' dir='ltr'>esse</span> <span class='ocrx_word' id='word_1_216' title='bbox 520 3453 669 3540; x_wconf 89' lang='lat' dir='ltr'>suspicor</span> <span class='ocrx_word' id='word_1_217' title='bbox 701 3454 845 3539; x_wconf 89' lang='lat' dir='ltr'>quidem,</span> <span class='ocrx_word' id='word_1_218' title='bbox 882 3457 917 3518; x_wconf 91' lang='lat' dir='ltr'>at</span> <span class='ocrx_word' id='word_1_219' title='bbox 948 3453 1145 3519; x_wconf 88' lang='lat' dir='ltr'>contendere</span> <span class='ocrx_word' id='word_1_220' title='bbox 1174 3459 1207 3519; x_wconf 92' lang='lat' dir='ltr'>et</span> <span class='ocrx_word' id='word_1_221' title='bbox 1236 3459 1406 3518; x_wconf 85' lang='lat' dir='ltr'>autumare</span> 
     </span>
     <span class='ocr_line' id='line_1_29' title="bbox 187 3571 298 3636; baseline 0.009 -1"><span class='ocrx_word' id='word_1_222' title='bbox 187 3571 298 3636; x_wconf 88' lang='lat' dir='ltr'>nolim.</span> 
     </span>
    </p>

    <p class='ocr_par' dir='ltr' id='par_1_7' title="bbox 188 3689 1418 4017">
     <span class='ocr_line' id='line_1_30' title="bbox 274 3689 1418 3778; baseline -0.002 -24"><span class='ocrx_word' id='word_1_223' title='bbox 274 3689 410 3757; x_wconf 85' lang='lat' dir='ltr'>Prorsus</span> <span class='ocrx_word' id='word_1_224' title='bbox 433 3692 520 3758; x_wconf 85' lang='lat' dir='ltr'>idem</span> <span class='ocrx_word' id='word_1_225' title='bbox 545 3698 652 3758; x_wconf 84' lang='lat' dir='ltr'>statuo</span> <span class='ocrx_word' id='word_1_226' title='bbox 676 3692 715 3757; x_wconf 84' lang='lat' dir='ltr'>de</span> <span class='ocrx_word' id='word_1_227' title='bbox 739 3693 939 3777; x_wconf 62' lang='lat' dir='ltr'>compositis</span> <span class='ocrx_word' id='word_1_228' title='bbox 962 3711 1043 3778; x_wconf 89' lang='lat' dir='ltr'>quae</span> <span class='ocrx_word' id='word_1_229' title='bbox 1065 3709 1117 3777; x_wconf 86' lang='lat' dir='ltr'>pg.</span> <span class='ocrx_word' id='word_1_230' title='bbox 1141 3689 1182 3756; x_wconf 81' lang='lat'>23</span> <span class='ocrx_word' id='word_1_231' title='bbox 1208 3709 1278 3776; x_wconf 84' lang='lat' dir='ltr'>sqq.</span> <span class='ocrx_word' id='word_1_232' title='bbox 1301 3689 1418 3764; x_wconf 71' lang='lat' dir='ltr'>attuli·</span> 
     </span>
     <span class='ocr_line' id='line_1_31' title="bbox 188 3808 1410 3897; baseline 0.002 -25"><span class='ocrx_word' id='word_1_233' title='bbox 188 3809 361 3894; x_wconf 91' lang='lat' dir='ltr'>inquibus</span> <span class='ocrx_word' id='word_1_234' title='bbox 383 3811 479 3876; x_wconf 89' lang='lat' dir='ltr'>modo</span> <span class='ocrx_word' id='word_1_235' title='bbox 503 3828 535 3891; x_wconf 81' lang='lat' dir='ltr'>o,</span> <span class='ocrx_word' id='word_1_236' title='bbox 558 3813 653 3876; x_wconf 90' lang='lat' dir='ltr'>modo</span> <span class='ocrx_word' id='word_1_237' title='bbox 678 3837 695 3897; x_wconf 77' lang='lat' dir='ltr'>q</span> <span class='ocrx_word' id='word_1_238' title='bbox 719 3817 865 3897; x_wconf 86' lang='lat' dir='ltr'>apparet,</span> <span class='ocrx_word' id='word_1_239' title='bbox 897 3811 958 3875; x_wconf 90' lang='lat' dir='ltr'>nisi</span> <span class='ocrx_word' id='word_1_240' title='bbox 983 3810 1068 3895; x_wconf 88' lang='lat' dir='ltr'>quod</span> <span class='ocrx_word' id='word_1_241' title='bbox 1100 3829 1137 3874; x_wconf 92' lang='lat' dir='ltr'>eo</span> <span class='ocrx_word' id='word_1_242' title='bbox 1170 3808 1326 3876; x_wconf 88' lang='lat' dir='ltr'>incertius</span> <span class='ocrx_word' id='word_1_243' title='bbox 1359 3814 1410 3875; x_wconf 84' lang='lat' dir='ltr'>est</span> 
     </span>
     <span class='ocr_line' id='line_1_32' title="bbox 189 3923 1408 4017; baseline 0.002 -27"><span class='ocrx_word' id='word_1_244' title='bbox 189 3927 353 4007; x_wconf 85' lang='lat' dir='ltr'>iudicium,</span> <span class='ocrx_word' id='word_1_245' title='bbox 377 3949 441 4014; x_wconf 91' lang='lat' dir='ltr'>quo</span> <span class='ocrx_word' id='word_1_246' title='bbox 463 3932 606 3995; x_wconf 86' lang='lat' dir='ltr'>rariores</span> <span class='ocrx_word' id='word_1_247' title='bbox 633 3935 710 3995; x_wconf 91' lang='lat' dir='ltr'>sunt</span> <span class='ocrx_word' id='word_1_248' title='bbox 734 3931 825 4016; x_wconf 85' lang='lat' dir='ltr'>ipsae</span> <span class='ocrx_word' id='word_1_249' title='bbox 846 3929 980 3994; x_wconf 85' lang='lat' dir='ltr'>formae.</span> <span class='ocrx_word' id='word_1_250' title='bbox 1026 3925 1117 3993; x_wconf 80' lang='lat' dir='ltr'>Licet</span> <span class='ocrx_word' id='word_1_251' title='bbox 1138 3928 1239 4010; x_wconf 87' lang='lat' dir='ltr'>igitur</span> <span class='ocrx_word' id='word_1_252' title='bbox 1254 3923 1408 4017; x_wconf 74' lang='grc' dir='ltr'><em>ἱσᾶνεμος</em></span> 
     </span>
    </p>
   </div>
   <div class='ocr_carea' id='block_1_7' title="bbox 214 4069 1403 4173">
    <p class='ocr_par' dir='ltr' id='par_1_8' title="bbox 214 4069 1403 4173">
     <span class='ocr_line' id='line_1_33' title="bbox 214 4069 1403 4173; baseline 0.002 -22"><span class='ocrx_word' id='word_1_253' title='bbox 214 4069 216 4083; x_wconf 51' lang='grc' dir='ltr'>Ι</span> <span class='ocrx_word' id='word_1_254' title='bbox 253 4098 282 4162; x_wconf 89' lang='grc'>1)</span> <span class='ocrx_word' id='word_1_255' title='bbox 303 4097 330 4150; x_wconf 82' lang='lat' dir='ltr'>ln</span> <span class='ocrx_word' id='word_1_256' title='bbox 348 4099 476 4172; x_wconf 74' lang='grc' dir='ltr'><em>ἆγὲομαι,</em></span> <span class='ocrx_word' id='word_1_257' title='bbox 496 4083 586 4173; x_wconf 63' lang='grc' dir='ltr'>α’χὲυλ,</span> <span class='ocrx_word' id='word_1_258' title='bbox 606 4098 721 4164; x_wconf 66' lang='grc' dir='ltr'><em>Ἀθάνα,</em></span> <span class='ocrx_word' id='word_1_259' title='bbox 741 4099 884 4172; x_wconf 50' lang='lat' dir='ltr'>perbibere,</span> <span class='ocrx_word' id='word_1_260' title='bbox 906 4098 987 4156; x_wconf 70' lang='grc' dir='ltr'>δᾶλιι.</span> <span class='ocrx_word' id='word_1_261' title='bbox 1018 4102 1163 4172; x_wconf 69' lang='grc' dir='ltr'>Δαμάτηρ,</span> <span class='ocrx_word' id='word_1_262' title='bbox 1191 4101 1286 4168; x_wconf 72' lang='grc' dir='ltr'><em>δέμος,</em></span> <span class='ocrx_word' id='word_1_263' title='bbox 1314 4098 1403 4173; x_wconf 54' lang='lat' dir='ltr'>borgee,</span> 
     </span>
    </p>
   </div>
   <div class='ocr_carea' id='block_1_8' title="bbox 181 4195 1418 4371">
    <p class='ocr_par' dir='ltr' id='par_1_9' title="bbox 181 4195 1418 4371">
     <span class='ocr_line' id='line_1_34' title="bbox 181 4195 1418 4284; baseline -0.002 -31"><span class='ocrx_word' id='word_1_264' title='bbox 181 4195 326 4266; x_wconf 41' lang='grc' dir='ltr'>ζἝλλανες,</span> <span class='ocrx_word' id='word_1_265' title='bbox 349 4197 467 4274; x_wconf 71' lang='grc' dir='ltr'>ἷᾶλεμος.</span> <span class='ocrx_word' id='word_1_266' title='bbox 488 4202 577 4278; x_wconf 57' lang='lat' dir='ltr'>buitim,</span> <span class='ocrx_word' id='word_1_267' title='bbox 596 4199 691 4266; x_wconf 73' lang='grc' dir='ltr'><strong>Λατώ,</strong></span> <span class='ocrx_word' id='word_1_268' title='bbox 710 4202 835 4266; x_wconf 76' lang='grc' dir='ltr'><strong>ποτανῦς.</strong></span> <span class='ocrx_word' id='word_1_269' title='bbox 854 4201 965 4264; x_wconf 64' lang='lat' dir='ltr'>tenurit.</span> <span class='ocrx_word' id='word_1_270' title='bbox 1001 4199 1109 4263; x_wconf 69' lang='grc' dir='ltr'><em>σιλᾶνε,</em></span> <span class='ocrx_word' id='word_1_271' title='bbox 1130 4197 1249 4273; x_wconf 71' lang='grc' dir='ltr'>σίδαρος,</span> <span class='ocrx_word' id='word_1_272' title='bbox 1269 4195 1378 4251; x_wconf 70' lang='lat' dir='ltr'>ebderiv</span> <span class='ocrx_word' id='word_1_273' title='bbox 1415 4277 1418 4284; x_wconf 86' lang='lat'><em>.</em></span> 
     </span>
     <span class='ocr_line' id='line_1_35' title="bbox 182 4299 957 4371; baseline -0.001 -18"><span class='ocrx_word' id='word_1_274' title='bbox 182 4303 219 4353; x_wconf 76' lang='lat' dir='ltr'>tis:</span> <span class='ocrx_word' id='word_1_275' title='bbox 231 4299 397 4370; x_wconf 74' lang='lat' dir='ltr'>ctiamlibri‚</span> <span class='ocrx_word' id='word_1_276' title='bbox 416 4305 464 4356; x_wconf 86' lang='lat' dir='ltr'>etsi</span> <span class='ocrx_word' id='word_1_277' title='bbox 482 4317 532 4357; x_wconf 87' lang='lat' dir='ltr'>non</span> <span class='ocrx_word' id='word_1_278' title='bbox 551 4317 653 4371; x_wconf 85' lang='lat' dir='ltr'>semper</span> <span class='ocrx_word' id='word_1_279' title='bbox 671 4319 767 4370; x_wconf 80' lang='lat' dir='ltr'>omues,</span> <span class='ocrx_word' id='word_1_280' title='bbox 787 4303 957 4356; x_wconf 82' lang='lat' dir='ltr'>consentiunt.</span> 
     </span>
    </p>
   </div>
   <div class='ocr_carea' id='block_1_9' title="bbox 0 0 1646 4742">
    <p class='ocr_par' dir='ltr' id='par_1_10' title="bbox 0 0 1646 4742">
     <span class='ocr_line' id='line_1_36' title="bbox 0 0 1646 4742; baseline 0 0"><span class='ocrx_word' id='word_1_281' title='bbox 0 0 1646 4742; x_wconf 95' lang='lat' dir='ltr'> </span> 
     </span>
    </p>
   </div>
  </div>
 </body>
</html>
