3260 4742
645 221 940 287 ..33-

186 395 271 462 ἴδετε
287 394 329 462 τὰ
353 392 453 460 λα’ϊνα
479 393 583 458 κίοσιν
607 389 740 480 ἔμβολα
839 415 840 420 ’
893 445 897 456 .

184 513 346 606 διάδρομα
373 511 470 580 τᾶδεε
556 531 560 536 ’

184 631 325 726 Βρόμιος
346 629 564 715 α’λαλοίξεται
585 629 715 716 στέγας
736 625 808 695 ἔσω.
1262 723 1265 732 .

268 770 352 855 „Pro
376 769 516 855 στέγας,
538 769 644 855 inquit
665 767 731 846 ille,
753 767 882 852 reposui
912 765 1038 854 στέγης.
1082 765 1166 835 Nam
1188 772 1223 836 in
1244 772 1306 840 hoe
1328 779 1399 842 tro-'

186 890 299 958 ohnioo
321 910 465 972 numero,
488 889 518 955 oi
539 888 652 954 herum
675 906 782 952 rerum
806 885 948 972 aliquem
971 905 1101 952 sensum
1124 886 1239 972 habeo,
1264 889 1401 960 offensui

184 1010 301 1076 fuisset
321 1009 428 1075 forma
452 1007 602 1074 Doriou.“
646 1005 717 1073 Non
739 1024 872 1092 possum
894 1026 958 1072 uon
988 1007 1099 1071 mirari
1131 1009 1191 1074 hoo
1220 1009 1400 1078 Hermonni

185 1129 351 1207 iudicium,
372 1147 476 1215 neque
498 1126 622 1208 dubito,
644 1126 722 1212 quin
744 1143 809 1190 non
828 1123 948 1190 multos
970 1129 1085 1190 neotus
1106 1128 1159 1206 sit,
1183 1129 1238 1214 qui
1259 1131 1324 1218 ipsi
1346 1126 1399 1200 oe·

187 1249 395 1316 sentirentur.
428 1245 588 1334 Equidem
610 1252 697 1312 nerto
722 1244 772 1310 vel
788 1227 1014 1311 'desiderarem
1039 1269 1070 1327 α,
1092 1247 1120 1312 oi
1134 1265 1212 1314 nasu
1234 1249 1401 1318 subletum

189 1372 288 1433 osset.

273 1484 318 1551 Ut
339 1504 414 1551 vero
436 1484 501 1550 illis
523 1483 603 1552 locis
625 1483 745 1549 multuo
768 1491 818 1548 est
839 1481 1013 1564 dorismus,
1035 1482 1111 1550 linet
1132 1483 1224 1551 nulla
1243 1488 1288 1554 sit
1302 1490 1403 1556 enimi

189 1607 375 1687 commotio,
396 1605 445 1671 sio
467 1624 565 1691 saepe
588 1604 639 1672 vel
660 1605 708 1670 ite
727 1604 860 1669 inverse
880 1607 932 1667 est
953 1604 1048 1673 ratio,
1072 1607 1107 1668 ut
1128 1606 1247 1672 inuno
1271 1609 1403 1676 eodem·

154 1791 160 1809 x
188 1743 249 1810 qne
272 1725 416 1791 carmine
438 1744 477 1790 eo
501 1743 624 1806 nareae,
655 1721 711 1789 ubi
732 1721 892 1808 requiras,
914 1726 1028 1786 contre
1049 1723 1083 1786 in
1104 1722 1204 1808 plena
1225 1728 1413 1818 sedataque

189 1842 335 1909 oratioue
357 1843 457 1909 nimio
480 1842 618 1910 vexeris.
664 1838 895 1928 comparemus
917 1838 963 1904 sis
991 1839 1137 1907 eiusdem
1170 1846 1333 1927 carminis,
1362 1850 1404 1915 ad

188 1961 273 2044 quod
295 1959 502 2027 Hermannus
524 1958 606 2026 illud
628 1965 852 2036 annotaveret,
875 1959 1027 2045 strophae
1051 1967 1083 2026 ot
1096 1960 1322 2048 antistrophoe
1343 1967 1405 2032 ini·

189 2079 245 2143 tia.
290 2077 425 2162 Legitur
446 2077 532 2144 enim
555 2079 588 2144 in
611 2076 669 2144 Be.
691 2097 742 2143 vv.
763 2079 827 2144 508
848 2098 919 2164 sqq.

546 2269 587 2282 -
608 2269 650 2284 -
670 2269 711 2282 -
733 2233 841 2314 (deest
866 2233 1007 2318 primus)

507 2361 516 2386 ⁸
545 2349 722 2439 ’Λχελὼου
745 2348 909 2438 θύγατερ,

547 2466 655 2536 πότνι’
700 2467 884 2558 εὐπάρθενε
908 2471 1022 2559 Δίρκα

547 2583 586 2654 σὺ
610 2586 673 2677 γὰρ
698 2585 729 2653 ἐν
752 2591 822 2667 σαῖς
843 2614 925 2655 ποτε
950 2593 1087 2676 παγαῖς

546 2706 584 2774 τὸ
616 2704 692 2786 Διὸς
711 2707 839 2796 βρέφος
862 2705 990 2789 ἔλαβες,

437 2847 440 2854 ’
546 2824 604 2895 ὅτε
627 2831 720 2917 uenti
740 2823 839 2914 πυρὸς
861 2823 898 2907 ἐξ
921 2825 959 2889 α’-

546 2945 704 3014 &andron
727 2942 803 3018 Ζεὺς
826 2945 840 3011 o'
865 2943 970 3010 τεκὼν
993 2942 1047 3036 ἧρ-

547 3068 644 3132 πασὲ’
656 3093 715 3147 νιν,
738 3063 812 3133 va't‘
837 3067 946 3144 α’ναβο
957 3064 982 3130 α’
989 3088 1056 3145 σας·-

547 3183 610 3268 tta,
631 3183 837 3275 Διθύραμβ’,
862 3183 954 3276 ἐμὰν
984 3181 1061 3274 oin--

547 3327 623 3370 σενα
646 3301 758 3372 τάνδε
772 3305 873 3384 βᾶθι
897 3301 1008 3390 vuido:

277 3457 379 3530 Multo
398 3457 462 3534 ,his
493 3459 662 3542 graviore,
699 3458 729 3523 si
760 3458 956 3524 sententiam
991 3459 1165 3546 respicias,
1204 3459 1409 3544 languidiora

193 3573 307 3656 multo,
329 3577 359 3641 si
380 3576 567 3659 dialectum,
589 3598 628 3645 ou
649 3583 735 3657 eunt,
760 3595 843 3664 quae
867 3577 1076 3664 antistrophe
1097 3579 1322 3648 continentur:

549 3728 631 3810 οἵαν,
654 3728 727 3794 οἵαν
752 3726 867 3818 ὀργὰν

549 3849 727 3932 α’ναφαίνει
750 3845 897 3936 χθόνιον

548 3967 641 4054 γένος
663 3964 774 4048 ἐκφύς
793 3992 832 4034 τε
855 3963 1037 4056 δράκοντός

556 4111 640 4154 ποτε
663 4081 821 4167 Πενθεὺς,
846 4081 883 4152 ὃν
904 4084 1031 4174 Ἐχίων

546 4201 712 4292 ἐφύτευσε
736 4200 894 4294 χθόνιος,

545 4323 713 4417 α’γριωπὸν
739 4325 848 4416 τέρας,
872 4317 909 4402 αὖ
930 4326 1002 4410 φῶ-
