3260 4742
712 207 1008 271 ..35-

256 381 363 458 aeret,
406 383 462 444 aut
493 376 570 463 quid
603 382 737 463 caperet
766 377 891 444 consili.
934 379 1006 445 Hoc
1037 380 1150 465 quouis
1181 386 1279 466 poeta
1308 380 1477 463 indignum

247 515 389 578 censeo,
417 497 535 562 nedum
557 494 731 582 Euripide,
763 498 883 564 nedum
906 496 1068 583 Aeschylo
1103 505 1136 564 et
1168 498 1346 585 Sophocle,
1373 517 1475 586 neque

254 622 332 700 puto
346 614 569 692 Athenienses,
592 616 647 701 qui
669 613 722 682 rel
745 615 780 680 iu
803 617 1139 684 rebusminutissimis
1163 617 1288 684 iudices
1307 622 1374 682 tam
1397 617 1474 683 sub·

252 733 326 800 tiles
350 739 453 815 erant,
476 732 537 800 hoo
560 735 725 819 patienter
747 736 913 803 subituros
938 736 1049 814 luisse,
1075 743 1131 804 aut
1152 730 1270 821 poetae
1293 738 1471 802 necessita-

191 895 194 902 Δ
254 861 320 918 tem
351 853 523 918 excusanti
553 857 813 935 condonaturos,
846 873 920 920 oum
951 855 1132 920 sententiae
1162 874 1260 922 causa
1287 854 1417 920 illorum
1439 875 1474 921 se
1554 841 1558 848 ⁴

250 989 382 1037 sensum
405 969 539 1038 laesisse
563 971 709 1038 diceret·
739 972 918 1038 Permirum
941 973 1101 1059 denique,
1132 971 1184 1039 rel
1215 976 1324 1058 potius
1355 975 1473 1040 mirum

254 1089 390 1156 minime
412 1097 471 1167 est,
496 1091 583 1177 quod
605 1090 781 1158 Hermauni
805 1094 913 1178 opinio
935 1094 1004 1159 lere
1027 1092 1076 1158 eis
1099 1096 1228 1158 tantum
1252 1091 1373 1158 fabulis
1396 1113 1472 1158 cou-

253 1209 418 1289 firmatur,
450 1229 532 1297 quas
567 1221 608 1275 ex
641 1211 714 1277 uuis
748 1216 805 1276 BC
832 1210 924 1308 libris
956 1211 1105 1294 cognitas
1138 1211 1301 1276 habemus.
1347 1212 1472 1290 Quanto
1534 1293 1536 1298 ,

253 1329 339 1396 euim
371 1327 608 1414 frequentiores
638 1333 713 1394 suut
744 1331 776 1394 in
808 1330 854 1394 eis
884 1328 1092 1398 librariorum
1125 1348 1276 1409 errores,
1299 1333 1391 1396 tanto
1422 1329 1472 1396 illi

255 1445 387 1535 saepius
408 1448 449 1515 ad
472 1467 588 1513 sensus
615 1446 770 1513 iudicium
792 1446 941 1530 refugere
964 1449 1093 1514 licebat.

338 1564 404 1632 lem
428 1566 513 1632 siin
536 1587 569 1632 re
592 1566 813 1632 incertissima
835 1567 916 1632 certi
931 1566 1055 1652 aliquid
1076 1567 1206 1653 assequi
1229 1565 1374 1650 velimus,
1396 1575 1471 1634 aute

254 1688 363 1752 omnia
383 1686 624 1766 distinguamus
646 1691 773 1770 opertet
794 1686 879 1752 iuter
901 1686 1051 1769 stirpium
1076 1685 1247 1751 verborum
1271 1709 1303 1765 a,
1326 1691 1359 1753 et
1377 1686 1469 1765 illud,

254 1806 342 1892 quod
363 1822 430 1870 uon
452 1802 517 1869 uisi
539 1805 571 1869 in
593 1802 861 1868 flexioueeorurn
886 1810 1032 1889 apparet.
1077 1802 1245 1889 Nusquam
1268 1804 1471 1892 autemplue,

256 1943 353 2011 quam
375 1925 408 1988 iu
430 1920 496 1988 illis
518 1921 689 1989 fluctuavit
711 1943 784 1990 oum
830 1922 961 1988 Pindari
983 1929 1051 1988 tum
1080 1905 1276 2005 tragicorum
1300 1931 1471 1991 consuetu-

255 2043 308 2124 do,
330 2041 385 2128 qui
409 2039 459 2106 vel
482 2041 582 2108 multo
606 2044 710 2108 rarius
734 2068 752 2128 η
776 2045 807 2108 in
832 2067 851 2104 a
876 2045 1106 2107 converterunt
1142 2059 1238 2127 quam
1271 2042 1472 2110 retinuerunt

256 2171 353 2247 atque
375 2164 425 2227 tot
445 2159 552 2226 verbis
574 2161 765 2247 propositis,
786 2181 868 2247 quae
892 2168 924 2226 et
946 2161 1019 2246 ipsa
1037 2159 1217 2232 dorismum
1229 2163 1295 2244 pati
1309 2167 1471 2247 poteraut,

258 2279 331 2344 bino
353 2278 443 2345 illinc
466 2297 572 2364 pauca
603 2280 844 2366 decerpserunt.
889 2280 953 2356 qu
980 2286 1089 2344 autem
1120 2281 1303 2364 spreverint
1332 2281 1416 2362 alia,
1438 2283 1472 2348 in

258 2399 394 2464 obscuro
417 2403 486 2470 aab.
510 2418 582 2462 uam
607 2400 691 2464 sicut
713 2402 746 2464 in
769 2401 919 2464 universo
944 2398 1102 2462 orationis
1125 2397 1251 2475 colore,
1274 2409 1309 2462 ut
1324 2399 1471 2465 ‚uidimus

257 2538 375 2602 srana,
399 2516 446 2581 ita
470 2517 501 2582 iu
524 2515 661 2599 siugulis
684 2516 792 2583 verbis
812 2537 1009 2602 magnopere
1032 2517 1209 2582 cavendum
1233 2524 1303 2583 est,
1335 2517 1471 2604 ne'plus

256 2655 360 2722 aequo
384 2637 436 2701 isti
460 2657 555 2722 quum
587 2635 699 2701 laudat
727 2635 932 2702 Hermanuus
964 2636 1121 2718 gravitati
1149 2635 1341 2700 tribuamus.
1385 2636 1471 2713 Quae

256 2756 287 2820 ai
308 2773 387 2821 usus
408 2773 525 2820 norma
546 2755 679 2832 fuisset,
702 2772 760 2818 eur
782 2756 971 2820 evitavisset
994 2760 1099 2840 poeta,
1121 2771 1163 2817 ne
1186 2772 1324 2840 unquam
1346 2749 1473 2843 ἅσαμος

257 2873 398 2951 diceret,
421 2873 471 2938 vel
493 2865 651 2960 εὕσαμος,
675 2866 883 2962 παρᾶσαμοε,
904 2874 1043 2950 similia,
1066 2871 1118 2937 vel
1140 2875 1243 2962 μᾶνις,
1277 2870 1414 2936 Sudorem
1438 2877 1471 2940 in

258 2993 333 3062 aliis
355 2991 529 3058 earundem
552 2993 703 3076 stirpium
725 2992 895 3059 vocabulis
918 2993 1092 3058 admittere
1115 3015 1136 3053 a
1167 2989 1363 3076 nequiquam
1386 2994 1471 3060 sari·

256 3121 321 3178 tus.
366 3111 501 3178 Frustra
522 3128 671 3196 quaeres,
694 3110 723 3175 si
745 3111 917 3177 verborum
942 3109 1196 3192 significationes
1219 3115 1356 3195 spectes,
1379 3112 1472 3198 quid·

259 3251 334 3295 uam
358 3229 488 3296 intersit
509 3230 595 3295 iuter
631 3232 732 3317 aprina
764 3233 797 3295 et
825 3233 929 3316 πηγή,
967 3228 1027 3295 boo
1062 3237 1097 3294 ut
1128 3228 1237 3294 dorice
1268 3231 1470 3314 pronuntiari

259 3349 376 3434 possit,
398 3367 462 3414 nou
484 3349 589 3432 possit
610 3347 767 3424 alterum;
789 3347 913 3413 trustra
934 3367 1085 3433 quaeras,
1108 3348 1192 3412 nude
1213 3347 1409 3432 explicanda
1430 3352 1474 3415 sit

259 3470 345 3532 mira
366 3467 424 3532 illa
445 3467 478 3532 in
510 3473 683 3548 augmento
713 3467 887 3532 verborum
921 3466 1161 3552 discrepantia,
1190 3463 1276 3530 unde
1311 3472 1361 3534 tot
1389 3467 1472 3534 eliae

261 3605 324 3650 uon
339 3585 447 3651 minus
457 3583 648 3666 singulares,
672 3603 753 3668 quae
775 3605 816 3649 ex
829 3584 943 3650 tabula
963 3603 1059 3671 quam
1072 3583 1250 3669 composui,
1272 3595 1473 3671 comparent.

261 3702 365 3770 Multa
385 3704 522 3787 denique
545 3709 621 3768 suut
643 3703 753 3784 rerba,
775 3723 858 3788 quae
881 3723 955 3770 oum
977 3723 1112 3790 prorsus
1134 3702 1243 3770 media
1265 3705 1346 3782 sint,
1369 3705 1474 3770 doris·

261 3841 347 3886 mum
370 3825 479 3888 tamen
502 3821 673 3908 recipiant,
696 3821 851 3912 ἁγὲομαι,
874 3822 993 3912 ἁμέρα,
1015 3819 1101 3912 ἂμός
1122 3830 1197 3889 cett.
1230 3823 1294 3889 Cur
1317 3842 1393 3888 uero
1417 3823 1475 3889 ab·

259 3943 313 4006 est
333 3939 375 4006 ab
399 3939 558 4028 οἷστρᾰω,
582 3937 693 4028 ζῆλος,
716 3938 822 4024 κῆδος,
843 3943 983 4026 θνῄσκω
1014 3948 1090 4009 cett.
1126 3942 1337 4025 gravissimae
1369 3944 1475 4032 nqtio-

260 4059 312 4127 nia
336 4057 452 4126 serbis.
498 4056 587 4126 llaec
610 4065 643 4128 et
664 4059 730 4126 aliu
753 4060 787 4124 id
808 4079 910 4142 genus
943 4080 1104 4147 uunquam
1136 4062 1249 4146 opinor
1285 4067 1476 4128 euenturum

261 4197 353 4257 eree,
380 4183 417 4246 nt
438 4178 478 4246 ad
503 4186 612 4246 certas
636 4181 748 4265 quassit
762 4199 794 4244 m
817 4178 906 4264 leges
929 4182 1039 4246 omnia
1060 4179 1165 4261 redigi
1193 4183 1330 4266 possint.
1375 4180 1476 4248 Nobis

262 4298 342 4363 illud
364 4301 446 4365 setis
468 4297 637 4383 probabile
659 4299 790 4365 ridetur
810 4298 974 4384 recepisse
997 4300 1141 4380 tragicos
1164 4317 1181 4364 e
1208 4297 1384 4383 lyricorum
1417 4317 1478 4366 osu

1275 4469 1311 4536 30
