3260 4742
677 229 975 296 ...34-

570 423 613 465 τα
636 397 803 490 βρότειον,
829 400 998 486 Φόνιν’νθ’
1021 400 1079 472 ὥς·

569 545 629 610 περ
652 520 784 607 γίγαντ’
807 521 994 590 α’ντὶπαλον
1017 528 1119 592 θεοῖς.

301 642 385 708 Num
411 639 451 706 ab
473 637 535 705 hoe
560 639 660 715 vitio,
691 642 720 706 si
747 641 862 707 vitium
887 649 956 720 est,
993 644 1087 712 liberi
1110 645 1177 710 rint
1199 643 1380 730 Aeschylus
1402 651 1434 711 et

186 819 189 828 .
218 759 405 847 Sophocles,
428 757 509 827 nihil
529 756 586 824 hio
605 757 715 825 refert.
760 759 803 826 Ut
825 762 1016 844 damnetur,
1050 765 1079 830 si
1109 763 1159 830 dis
1183 763 1309 850 placet,
1342 764 1431 829 solus

217 877 583 964 Euripideslimmodici
603 876 754 956 dorisrui,
778 887 812 944 et
834 882 867 945 in
889 881 959 967 ipso
983 882 1148 949 tribuatur
1169 902 1271 968 prauo
1300 882 1432 950 iudicio.

219 1001 303 1088 quod
326 999 361 1068 in
383 996 457 1066 eliis
481 997 560 1064 artis
583 1002 616 1062 et
637 997 820 1078 elegantiae
845 997 996 1065 hebetur:
1043 1000 1103 1068 boc
1136 1002 1213 1067 mibi
1251 1020 1312 1087 pro
1342 1006 1431 1068 certo

219 1118 347 1192 ridetur
371 1122 520 1188 constare
543 1115 599 1182 uni
622 1118 733 1182 sensui
754 1115 872 1183 harum
885 1127 1001 1186 rorum
1016 1121 1169 1187 iudicium
1193 1121 1326 1187 minime
1344 1119 1433 1186 defu,

216 1237 353 1310 rendum
376 1253 458 1304 esse.
500 1231 628 1302 Partem
661 1254 733 1302 eum
767 1235 919 1302 babuisse
944 1244 977 1304 et
1007 1238 1190 1306 consultum
1214 1259 1287 1305 eum
1318 1259 1434 1306 ossea

218 1358 323 1445 poetis
345 1354 379 1420 in
400 1350 582 1439 pangendis
605 1353 802 1420 carminibus
830 1375 894 1421 non
926 1377 1026 1438 nego;
1058 1359 1113 1424 sed
1137 1377 1219 1440 nego
1243 1359 1271 1424 ei
1306 1363 1431 1424 tantum

218 1495 359 1560 uuquam
382 1491 572 1542 eoncessum
597 1489 678 1550 esse,
704 1479 740 1539 ut
760 1481 893 1560 propter
928 1476 1033 1560 ipsum
1058 1476 1120 1542 sibi
1144 1482 1327 1556 sumerent,
1349 1477 1431 1562 quod

220 1595 342 1681 alioqui
370 1611 535 1678 nunquam
566 1592 790 1678 sumpsissent.
836 1593 896 1672 Qui
931 1596 960 1661 si
993 1596 1188 1677 grauitatem
1226 1597 1300 1661 soni
1329 1598 1433 1662 vitare

220 1713 393 1796 volebant,
413 1711 478 1780 alia
499 1710 534 1777 id
555 1711 683 1800 ratione
705 1713 836 1798 assequi
859 1717 1019 1798 poterant.
1063 1713 1142 1780 Gom
1166 1715 1252 1780 onim
1272 1719 1367 1780 tantu
1389 1715 1433 1780 sit

220 1853 355 1918 graecae
383 1831 513 1915 linguae
543 1831 751 1908 volubilitas,
797 1836 954 1918 tantaque
984 1831 1153 1899 verborum
1188 1833 1433 1919 formarumque

220 1955 325 2041 copie,
346 1949 460 2038 quidni
480 1948 653 2035 Euripides
675 1949 855 2016 orationem
877 1952 925 2018 ita
948 1953 1099 2029 versavit,
1122 1959 1157 2018 ut
1179 1956 1211 2017 et
1233 1954 1304 2018 soni
1326 1953 1432 2018 tonui·

220 2073 279 2140 tati
302 2069 495 2142 consuleret,
516 2072 548 2132 et
571 2075 686 2133 contro
707 2067 851 2134 doricam
875 2069 1049 2135 dialectum
1071 2091 1135 2136 non
1159 2079 1320 2156 peccaret.
1346 2072 1431 2156 Ergo

220 2189 339 2275 στέγας
359 2185 441 2270 illud
461 2187 494 2253 iu
531 2184 732 2255 Baccharum
765 2205 861 2252 versu
894 2185 1079 2254 Hermanno
1112 2191 1245 2256 maioris
1279 2191 1430 2277 ponderis

218 2311 324 2377 visum
346 2315 407 2389 est,
429 2325 523 2393 quam
546 2309 583 2370 ut
605 2304 787 2370 sententiae
810 2312 922 2392 aptum
946 2312 1060 2374 esset?
1103 2305 1216 2379 Potuit
1236 2317 1344 2394 poeta,
1365 2329 1427 2373 non
1515 2363 1518 2368 .

218 2431 326 2496 dicam
349 2423 469 2514 δόμων,
491 2425 576 2510 quod
597 2429 706 2490 tamen
730 2425 848 2491 exilius
870 2445 935 2493 nou
958 2434 1017 2507 est,
1040 2428 1067 2494 si
1089 2433 1140 2494 est
1156 2427 1238 2493 illud
1250 2429 1334 2494 iusto
1357 2447 1432 2510 gra-

217 2551 302 2629 uius,
324 2554 359 2612 at
380 2544 525 2628 ceipene,
546 2562 567 2608 a
590 2563 652 2630 quo
676 2543 769 2610 abest
793 2569 824 2623 α,
847 2545 881 2611 in
903 2566 999 2612 usum
1021 2567 1113 2612 sutum
1137 2546 1307 2612 asciscere.
1343 2546 1432 2613 Fecit

220 2676 306 2734 certe
329 2663 438 2734 simile
458 2662 579 2747 aliquid
604 2665 635 2728 iu
659 2662 756 2748 Hipp.
779 2675 830 2728 vv.
852 2666 914 2730 527
939 2685 1009 2751 sqq.

511 2777 629 2869 ”Epeos
643 2775 759 2864 ”Eptu:,
782 2777 837 2862 δ’)
861 2781 936 2848 κατ’
959 2779 1120 2872 ὀμμάτων

522 2894 655 2986 στάζεις
676 2894 796 2972 πόθον,
819 2895 961 2986 εἰσάγων
983 2893 1142 2986 γλυκεῖαν

520 3020 656 3106 pupule,
678 3013 795 3108 χάριν,
821 3012 876 3097 οὓς
899 3015 1151 3108 deturpandos.

301 3141 437 3207 Prorsus
470 3140 652 3218 assentior,
692 3140 720 3202 si
758 3137 832 3224 quis
864 3135 999 3214 nimium
1030 3133 1206 3204 dorisuoum
1238 3137 1381 3205 clienuuu
1411 3158 1432 3205 s

217 3282 344 3331 summa
379 3258 532 3325 carminis
565 3256 736 3324 dulcedine
767 3257 963 3338 arbitretur,
989 3257 1139 3342 idemque
1170 3256 1267 3322 etiam
1299 3261 1430 3341 poetam

216 3383 359 3452 sensisse
389 3380 531 3445 censeat.
596 3376 779 3442 Evitauisse
810 3374 897 3441 enim
925 3351 1054 3441 videtur
1080 3371 1277 3474 singularem
1311 3375 1430 3462 ψυχᾷ

217 3499 332 3590 χάριν,
356 3494 415 3576 ἂν,
437 3495 523 3586 quod
545 3496 741 3582 displicebat
766 3498 840 3563 duri
871 3521 891 3559 u
922 3501 1038 3572 sonus;
1067 3514 1108 3561 no
1136 3501 1246 3561 tamen
1275 3501 1427 3580 peccaret

216 3626 332 3690 contra
353 3619 542 3692 dorismum,
564 3617 672 3704 ψυχγ·
693 3650 743 3667 -·
757 3613 796 3705 ἢν
818 3618 931 3684 formis
953 3615 1062 3682 atticis
1081 3614 1244 3702 pluralem
1258 3636 1426 3706 numerum

215 3737 379 3829 praetulit.
423 3736 459 3802 Si
482 3760 502 3798 α
525 3733 672 3801 doricum
694 3733 912 3804 adhibendum
934 3733 1016 3815 tuit,
1037 3735 1113 3822 quia
1136 3735 1267 3802 doricae
1295 3735 1429 3820 originis

213 3863 288 3926 erat
308 3863 412 3922 totum
436 3853 494 3919 hoc
517 3854 626 3942 poesis
648 3871 759 3937 genus,
782 3873 945 3941 nunquam
967 3852 1085 3920 adduci
1104 3860 1228 3942 potero,
1251 3859 1287 3921 ut
1299 3857 1430 3922 credam

214 3976 404 4062 Euripidem
426 3973 459 4038 in
481 3973 668 4039 universum
689 3971 766 4042 bulo
788 3971 852 4055 logi
865 3973 1153 4059 obtemperavisse,
1174 3971 1338 4040 interdum
1351 3993 1429 4041 vero

112 4101 115 4108 '
213 4094 280 4161 sibi
302 4094 372 4162 eius
396 4085 537 4173 gratiam
558 4092 687 4175 fecisse,
708 4094 919 4173 nescientem,
942 4099 978 4159 ut
999 4093 1051 4159 sit
1067 4093 1259 4173 Terentius,
1281 4093 1359 4178 quid
1380 4092 1430 4159 fo·

279 4345 306 4413 l>
323 4345 467 4412 Oorruptue
483 4350 523 4397 est
540 4361 638 4398 versus.
656 4343 696 4398 ul.
713 4363 757 4420 pg.
787 4359 817 4411 79
836 4343 903 4404 'ooo
1001 4371 1005 4376 ·
