3260 4742
648 185 816 256 *¹³70
901 223 942 240 ..

269 359 385 432 Doriei
414 359 552 450 denique
583 367 660 427 aunt
688 359 732 428 io.
754 381 806 426 vv.
830 359 998 426 144-184
1020 365 1054 426 et
1074 353 1142 454 Iph.
1165 353 1201 428 Τ.
1226 361 1394 428 ina—142·

183 500 382 570 quamquem
405 479 446 547 eb
464 479 512 546 eia
534 477 655 544 obeunt
677 481 813 562 queatua
835 478 869 542 et
891 473 1046 542 lamenta.
1092 475 1138 542 At
1160 476 1278 564 ubique
1300 479 1332 544 in
1356 481 1402 545 eia

148 640 151 648 ,
183 598 382 682 gravissima
403 596 503 662 animi
525 594 653 662 affeetio
676 593 836 671 cernitur,
871 609 945 658 enm
973 589 1060 659 ionia
1091 611 1184 659 seero
1209 613 1340 661 munere
1370 597 1401 662 in

182 713 306 800 templo
329 713 517 795 iungentia,
537 716 607 777 tum
629 708 818 797 Iphigeniae
841 707 1022 776 eaeerdotia
1055 708 1400 794 ministrernmffiitn·

71 825 76 834 '
184 849 247 916 qua
268 831 303 896 in
323 827 442 894 harum
463 826 651 912 anapaestis
671 826 741 892 iare
763 823 934 912 quinquies
957 824 1065 890 deniae
1097 825 1260 894 doriamua
1290 845 1401 895 occure

181 947 237 1026 rit,
259 943 328 1010 iere
350 945 454 1012 eetiee
476 943 511 1010 in
532 941 620 1023 Ione,
642 943 735 1008 enine
759 941 992 1027 Ouipnfflnm
1013 939 1094 1006 eolis
1115 942 1285 1018 audieris
1316 945 1401 1010 nita-

180 1067 245 1140 tnr,
267 1080 340 1127 eum
362 1059 528 1126 Dinderiio
558 1059 733 1126 emendare
764 1075 830 1124 nen
859 1056 983 1124 dubito.
1028 1055 1065 1121 in
1095 1057 1194 1143 Ζηνός
1220 1069 1254 1128 et
1282 1063 1433 1150 eripui„

181 1177 225 1244 ib.
250 1179 322 1260 158,
347 1177 419 1256 159,
441 1173 598 1244 sollemne
621 1199 639 1261 η
663 1173 764 1241 etiam
785 1175 821 1240 in
841 1173 979 1240 eanteia
1002 1183 1061 1238 eat.
1105 1175 1157 1241 cf.
1178 1195 1222 1261 pg
1254 1177 1295 1242 27
1307 1182 1400 1247 etii.

265 1446 406 1514 Peracta
434 1449 591 1532 quantum
630 1442 724 1510 lienit
760 1442 801 1508 de
829 1441 973 1508 dorismo
1006 1447 1195 1528 quaestione
1228 1427 1606 1580 additurusffststudu

180 1581 398 1651 sompnum,
421 1561 539 1649 quibua
561 1563 703 1627 ienuam
725 1559 768 1624 ad
792 1556 1013 1624 emendandos
1036 1565 1103 1626 tres
1123 1581 1238 1629 versus
1269 1563 1398 1652 Euripi-

179 1681 232 1748 dia
254 1680 377 1767 aliquid
400 1677 613 1746 eonferetnr.'
642 1675 724 1743 Mihi
747 1679 956 1741 accurrerant
978 1695 1027 1756 eu,
1049 1696 1124 1741 curm
1146 1679 1281 1746 dorismi
1299 1704 1399 1749 neusa

178 1798 307 1865 tabulas
329 1801 444 1882 poetae
466 1794 726 1880 perlentiterem‚
747 1811 863 1876 neque,
886 1790 1009 1876 opinor,
1034 1794 1067 1857 in
1090 1795 1151 1858 fine
1172 1795 1265 1862 huius
1298 1817 1396 1884 opus-

180 1914 246 1982 euli
267 1912 365 1980 nimia
387 1910 596 1980 incommoda
618 1916 675 1980 aut
697 1907 805 1984 elieue
827 1927 847 1972 e
869 1927 903 1971 re
925 1908 997 1998 ipse
1020 1914 1124 1981 erunt,

268 2033 301 2112 1)
322 2027 421 2119 Hipp.
443 2049 473 2102 a.
497 2033 560 2104 oti
582 2053 654 2123 sqq.

457 2145 576 2244 Ἔρως,
598 2147 684 2240 ἔρως,
709 2147 725 2218 ὅ
749 2146 825 2219 κατ’
848 2145 1015 2242 ὀμμάτων

468 2264 602 2357 στάζεις
623 2269 743 2345 πόθον,
766 2265 911 2356 εἰσάγων
934 2269 1095 2356 γλυκεῖαν

465 2389 600 2474 ψυχαῖς
621 2386 738 2475 χάριν,
763 2381 821 2464 οὓς
841 2385 1096 2476 {usurpantium

232 2527 235 2533 ·
262 2507 318 2575 Sin
340 2506 469 2592 quidem
492 2506 590 2571 aeteri
613 2503 759 2583 eodieea3
790 2507 830 2586 Α,
853 2503 908 2589 qui
942 2505 1083 2570 omnium
1120 2507 1262 2589 optimus
1294 2508 1392 2574 heba-

177 2629 243 2706 tur‚
265 2619 357 2702 ὅστις
377 2629 453 2688 aute
476 2617 610 2707 στάζεις
631 2622 664 2686 et
686 2643 725 2684 rr
748 2629 822 2706 post
845 2617 983 2703 εἰσάγων
994 2620 1117 2685 inserit.
1162 2621 1394 2690 Offensuiaunt

176 2761 248 2808 enm
272 2734 304 2814 ὅ,
326 2757 409 2826 quae
431 2736 561 2803 relativi
590 2735 791 2823 pronominis
815 2735 923 2801 torma
954 2735 1005 2800 vel
1027 2753 1048 2798 a
1069 2721 1234 2821 'Sophoeio
1263 2744 1297 2804 et
1329 2731 1404 2806 Ae·'

175 2856 289 2942 aehylo
312 2855 422 2932 abeat,
454 2872 558 2939 neque
587 2857 714 2934 temen,
748 2871 819 2918 eum
851 2853 939 2918 obait
971 2856 1131 2935 metrum,
1154 2853 1194 2932 ¹in
1217 2848 1251 2931 ὅς
1271 2855 1393 2920 mutari

175 2972 282 3049 debet,
314 2976 396 3051 tum,
418 2977 455 3037 ut
476 2988 553 3036 mox
576 2970 778 3046 videbimus,
802 2969 893 3033 verbi
917 2966 1275 3054 nro‘4e15signifieatio.
1321 2973 1392 3038 Neu

175 3093 266 3156 reete
288 3085 369 3152 ieeit
391 3083 620 3162 Kirohhoiiiua,
643 3085 740 3170 quod,
763 3090 800 3150 ut
822 3084 994 3150 ertieulum
1018 3085 1170 3151 redderet
1192 3080 1223 3158 ὅ,
1247 3081 1338 3165 ὅστις
1357 3089 1393 3153 in

173 3207 298 3270 textum
322 3204 455 3288 reeepit.
497 3199 548 3267 lta
569 3203 655 3266 enim
678 3207 712 3266 et
741 3219 886 3266 conexus
913 3199 1055 3281 tollitur,
1090 3220 1162 3266 cnm
1192 3203 1256 3266 iam
1293 3205 1392 3269 verbe

174 3317 286 3384 ὁκατ·
308 3314 472 3408 ὀμμάτων
494 3316 797 3403 interpretationem
811 3336 876 3382 uon
889 3316 1076 3393 admittant,
1098 3318 1174 3383 etin
1186 3317 1393 3404 antistrophe

172 3435 294 3502 laeuna
315 3435 491 3518 statuenda
513 3434 566 3500 ait.
610 3433 721 3500 Aliam
750 3431 838 3498 viem
869 3433 1035 3515 ingreaaua
1064 3436 1115 3498 eat
1143 3430 1333 3512 Nauekina3
1361 3437 1391 3521 ia

171 3553 270 3632 anim,
290 3549 420 3638 (Enrip.
441 3550 579 3617 Studien
601 3549 639 3616 li.
661 3549 730 3634 22.)
752 3551 801 3616 ite
823 3543 844 3613 ὅ
864 3547 1039 3617 relativum
1060 3549 1167 3630 tollit,
1198 3555 1236 3618 nt
1263 3559 1297 3620 et
1317 3552 1389 3640 ipae

171 3667 305 3756 quidem
327 3667 388 3734 aut
411 3686 449 3733 eo
471 3665 646 3733 artieuium
667 3665 769 3732 latere
791 3656 897 3745 diuet,
920 3672 956 3732 at
975 3666 1097 3733 referet
1118 3687 1192 3736 eum
1214 3669 1257 3736 ad
1285 3671 1390 3756 parti-

171 3785 312 3872 cipium,
333 3781 421 3869 quod
442 3803 500 3871 pro
524 3781 657 3869 στάζεις
688 3782 785 3850 verbo
815 3782 906 3849 inito
941 3784 1161 3870 reponendum
1190 3785 1245 3852 ait.
1274 3785 1391 3854 'Miror

170 3905 281 3970 antem
305 3901 429 3984 iugiaae
451 3897 557 3965 rir'um
578 3899 619 3965 el.
642 3897 727 3965 hane
748 3900 852 3985 ipaiua
875 3899 1060 3986 opinionem
1084 3921 1122 3966 eo
1144 3899 1278 3984 firmari,
1301 3903 1389 3988 qued

169 4017 252 4088 liber
273 4017 305 4084 A
325 4023 402 4105 post
423 4009 561 4102 εἰσάγω
583 4014 791 4104 participium
822 4016 918 4085 etiem
953 4037 990 4082 τε
1022 4015 1137 4094 habet,
1165 4020 1389 4100 menifestum,

169 4152 367 4224 quamquam
388 4151 466 4200 aane
488 4132 718 4214 aduitemnnm,
738 4134 859 4219 prioris
893 4135 1059 4220 participii
1090 4134 1274 4218 vestigium.
1318 4137 1389 4204 Heu

168 4269 248 4316 vern
269 4251 491 4339 participium,
511 4251 600 4337 qnod
621 4253 796 4328 desiderat,
824 4271 889 4317 uon
912 4249 1047 4342 στάζων
1078 4254 1197 4334 suiaae,
1230 4255 1316 4321 idem
1339 4257 1389 4323 vir
