3260 4742
423 338 477 428 ἧδ’
501 341 535 407 ἐκ
560 343 667 434 δόμων
688 342 726 434 δὴ
752 343 805 409 καί
830 344 920 426 πόσις
942 339 1116 436 πορεύεται
1141 383 1180 396 -—

185 500 246 595 ἥδε
259 511 385 593 legitur,
409 515 495 601 quod
515 519 619 602 ipsum
644 518 757 583 eodem
772 520 842 582 iure
853 520 1042 584 mendosum
1063 519 1245 596 existimes;
1269 520 1324 584 sed
1341 518 1392 584 hio

179 648 307 714 quoquo
338 639 513 699 metrorum
551 637 658 700 minus
694 642 809 702 exacta
840 640 1007 724 responsio
1037 656 1110 701 oum
1138 638 1251 703 formis
1286 639 1392 704 atticis

179 749 336 814 adversus
361 776 381 812 α
412 753 501 818 feeit.
548 739 684 840 Siquis
716 755 816 838 igitur
846 775 976 822 servare
1007 743 1166 844 μμχανάν
1199 757 1294 836 velit,
1330 777 1393 822 non

176 865 280 930 solum
307 864 367 932 ἅδε
392 873 515 937 scribat
537 894 667 940 necesse
692 879 742 940 est
763 895 873 940 verum
897 875 991 940 etiam
1015 882 1116 940 metro
1140 874 1295 940 consulat.

265 1054 298 1119 io
323 1057 440 1124 Troad.
464 1061 607 1145 strophis
632 1062 841 1128 mor-1308
868 1091 900 1119 =
929 1065 1138 1130 1309-1325
1160 1065 1305 1128 trimeter
1327 1075 1417 1127 οταν

176 1176 264 1240 ditur

426 1390 452 1431 r.
480 1369 561 1432 1302
606 1331 844 1435 totistoo'imi
868 1368 1049 1460 μέλαθρον·
1078 1467 1081 1476 ,

485 1493 563 1576 Χορ.
608 1487 643 1552 ἐκ
670 1487 798 1577 πάτρας
820 1487 850 1575 γ’
873 1486 964 1579 ἐμᾶς

415 1637 456 1664 =
482 1611 564 1675 1319
609 1604 710 1686 ίνοσις
732 1605 877 1686 ύίπασαν,
902 1604 1003 1687 ἔνοσις

483 1735 558 1816 Χορ.
605 1723 774 1794 ἐπικλύσει
798 1726 908 1795 πόλιν.

264 1914 307 1980 Ει
329 1915 380 1982 hio
404 1917 641 1983 restituendum
665 1923 717 1982 est
739 1943 756 2004 ry
779 1919 812 1982 in
834 1915 912 2006 ἐμᾶς
934 1916 1003 1983 illo.
1046 1916 1200 1983 Proiecto
1221 1922 1272 1983 est
1289 1935 1398 1982 corru-

180 2034 269 2120 ptela
291 2057 308 2100 e
331 2034 459 2125 πάτρας
483 2039 624 2104 nominis
646 2058 734 2104 sono.

266 2220 381 2288 Restat
404 2229 439 2289 ut
462 2223 611 2291 Herculis
633 2226 696 2292 iur.
731 2228 904 2306 canticum,
928 2247 976 2292 ιν.
1001 2227 1181 2304 uuo-896,
1212 2227 1323 2312 paucis
1346 2228 1397 2287 at-

181 2342 315 2421 tingam.
361 2343 522 2420 Quattuor
544 2347 576 2409 iu
600 2367 636 2410 eo
660 2347 801 2411 trimetri
823 2344 954 2412 iambici
979 2353 1071 2412 sunt:

337 2550 364 2592 v.
389 2531 449 2595 871
495 2530 657 2609 βέβακεν
682 2529 713 2595 ἐν
736 2532 899 2622 δίφροισιν
923 2535 943 2596 ἁ
966 2530 1181 2608 πολυστόνος.

336 2671 362 2710 v.
387 2649 451 2714 882
496 2646 711 2740 κατάρχεται
735 2649 889 2739 χόρευμα
913 2646 1093 2736 τυμπάνων
1118 2645 1209 2737 ὅίτερ.

337 2794 365 2836 r.
389 2771 450 2834 886
496 2773 613 2856 (turi,
636 2771 735 2848 τέκν’,
757 2768 933 2861 ἐξορμᾶτε·
956 2766 1046 2834 ὃιίιον
1070 2766 1157 2834 τάδε·

337 2913 367 2954 u.
389 2892 452 2954 895
495 2884 629 2958 θύελλα
654 2892 729 2954 σείει
755 2889 858 2978 δῶμα·
882 2889 1064 2973 συμπίπτει
1089 2887 1200 2973 στέγα·

271 3081 308 3146 In
333 3083 435 3166 primo
460 3082 559 3165 igitur
580 3080 706 3146 iormue
729 3080 859 3146 derides
883 3087 967 3158 sunt,
991 3079 1112 3144 atticae
1133 3078 1167 3141 in
1190 3075 1252 3142 886
1275 3079 1307 3139 et
1328 3071 1400 3137 895.

185 3198 256 3264 Hoo
279 3201 357 3266 mihi
381 3201 458 3264 olim
482 3221 544 3266 non
568 3202 737 3268 terendum
760 3219 830 3265 esse
845 3197 1027 3278 uidebatur,
1058 3197 1132 3282 quio
1162 3212 1272 3258 versus
1304 3192 1400 3256 unius

186 3338 296 3383 omues
320 3321 603 3398 oar-mutisessent,
619 3320 706 3385 uuila
729 3318 894 3403 strophico
908 3316 1120 3402 responsione
1142 3315 1174 3378 in
1197 3312 1403 3376 variamom-

186 3439 245 3504 bra
278 3441 460 3512 distributi3
490 3440 599 3524 itaque
622 3438 776 3525 putabam
810 3441 908 3502 etiam
942 3435 1079 3500 eandem
1102 3434 1136 3497 in
1168 3447 1279 3496 omnes
1302 3427 1404 3493 diale-

184 3567 273 3624 ctum
295 3562 479 3624 oonreoire.
525 3559 706 3624 Nunouero
730 3555 941 3650 noudubito‚
965 3554 1043 3639 quiu
1066 3573 1116 3616 vv.
1141 3549 1341 3626 886-889.;

399 3749 504 3832 Φυγῆ,
529 3745 627 3818 τέκν’,
652 3743 827 3834 ἐξορμᾶτε·
851 3737 942 3806 ὁαίιον
966 3738 1051 3846 forie,

400 3863 502 3947 δάιον,
526 3863 626 3954 μέλος
649 3861 856 3929 ἐπαυλεῖται·

400 3987 578 4071 κυναγετεῖ
600 3985 723 4050 τὲκνιυν
748 3978 902 4070 διωγμόν·

382 4101 516 4194 ,οὔποτ’
540 4099 693 4194 αίκραντα
718 4099 847 4202 δοόμοισι
871 4093 984 4165 Λύσσα
998 4089 1201 4183 βακχεύσει.

185 4271 214 4326 ot
237 4262 415 4326 ouo-tus.
