3260 4742
580 210 1015 303 ...u-¹

306 405 499 508 lflffl
520 423 571 470 νν.
595 406 698 470 1·48
720 405 940 469 stillo-161
965 402 1015 468 bis
1036 407 1163 468 tantum
1198 426 1219 466 a
1238 399 1439 488 admittitur,

220 525 359 608 priimum
378 515 414 587 'in
436 523 521 603 regis
543 520 585 587 ad
607 520 900 604 Clytaemnestram
923 518 1067 604 epistula
1089 518 1152 585 115
1169 555 1189 566 -
1202 517 1277 590 123:

513 616 643 723 ¹u’e'ptmu
666 655 717 701 oet
739 633 818 724 πρὸς
839 637 912 714 ταῖς
931 631 1079 724 ἢνρᾶσθεν
1119 653 1122 660 ·

472 765 474 771 “
523 752 660 832 δέλτοις,
684 739 709 816 ui
732 751 837 838 λήδας
858 748 953 841 ἔρνος,

523 865 571 960 μὴ
595 867 748 935 στέλλειν
770 865 833 934 τᾶν
856 864 916 932 σὰν
939 861 999 932 ἶνιν
1021 863 1099 957 πρὸς

521 983 584 1052 τᾶν
608 981 763 1073 κολπώδη
787 983 923 1074 πτέρυγ’
944 976 1090 1064 Εὖβοίας

215 1115 289 1174 cett.
359 1115 362 1122 '

300 1223 437 1308 Optime·
450 1225 541 1310 doris
564 1222 723 1291 dialeotus
746 1242 819 1292 oum
841 1229 957 1299 metro.
975 1229 1151 1308 atrumque
1173 1241 1250 1289 vero
1267 1240 1430 1289 aumsen·

213 1340 317 1405 teutia
338 1341 498 1419 congruit.
541 1339 621 1407 Cum
645 1341 731 1406 enim
760 1339 835 1408 ideo
857 1341 1060 1423 Agamemno
1088 1340 1201 1406 literas
1230 1339 1365 1419 recitet,
1393 1344 1433 1402 ut

212 1473 326 1520 seruus
349 1473 405 1520 eas
426 1457 560 1524 mandet
581 1458 775 1538 memoriae,
798 1457 891 1528 tarde
913 1462 1043 1542 oportet
1064 1463 1162 1541 atque
1183 1456 1335 1522 distinete
1361 1452 1430 1518 sin·

212 1571 289 1652 gula
310 1575 525 1658 pronuntiari,
547 1574 582 1639 id
606 1572 821 1659 quodminus
845 1573 926 1647 bene
948 1573 1018 1639 lieri
1032 1581 1156 1658 posset,
1178 1569 1287 1638 si'rex
1310 1569 1428 1654 rapido

212 1693 466 1772 anapaestorum
488 1709 585 1755 eursu
604 1689 802 1776 loqueretur.
813 1691 840 1776 ¹)

223 1825 231 1838 ·
295 1802 390 1869 Alter
411 1805 575 1879 dorismus
598 1812 736 1895 apparet
756 1809 790 1873 in
813 1805 940 1888 duobus
953 1806 1208 1888 Agamemnonis
1232 1825 1281 1870 vu.
1296 1806 1357 1871 136
1376 1822 1427 1887 sq.

608 1919 709 2012 οίμοι,
732 1919 864 2012 γνώμας
886 1918 1035 2003 ἐξέσταν·
1081 1977 1084 1982 ,

609 2041 689 2118 uiui,
713 2041 825 2108 πίπτω
850 2036 875 2104 δ’
899 2039 941 2116 είς
962 2034 1062 2104 ὅταν.
1095 2112 1099 2120 ‚

236 2182 244 2196 ·
293 2154 335 2219 Et
356 2153 407 2220 his
429 2157 530 2236 igitur
552 2155 636 2223 loeis
658 2157 865 2239 oognosoitur
886 2156 1009 2221 variari
1041 2155 1171 2240 quidem
1201 2153 1360 2218 dialectos
1389 2153 1425 2217 in

209 2273 414 2354 anapaestis,
437 2273 494 2338 sed
517 2291 679 2357 nunquam
702 2272 789 2338 intra
811 2272 955 2342 eiusdem
985 2271 1173 2356 systematis
1205 2270 1295 2334 lines.
1339 2269 1422 2334 Nam

207 2387 262 2450 uti
296 2388 409 2473 dorios
438 2387 612 2473 Euripides
642 2388 766 2460 utitur,
794 2390 930 2453 atticam
960 2387 1076 2471 proeul
1112 2387 1227 2466 habet,
1260 2385 1343 2450 lano
1366 2385 1422 2450 ubi

206 2507 348 2574 revocat,
372 2521 476 2588 aeque
505 2523 619 2570 rursus
642 2508 737 2569 eavet
759 2503 799 2568 ab
822 2502 891 2569 illa.

287 2616 428 2716 Q
449 2620 669 2687 last-1284.
715 2620 874 2698 Quattuor
896 2627 972 2685 sunt
994 2619 1179 2704 Iphigeniae
1202 2639 1324 2695 versus,
1349 2619 1420 2703 qui·

205 2735 264 2800 bus
296 2736 395 2802 matri
427 2739 612 2823 respondet.
677 2737 782 2803 Huius
805 2740 838 2801 in
868 2730 1089 2820 verbis⁰Ardp
1121 2735 1237 2816 habes,
1268 2737 1302 2800 in
1331 2734 1421 2800 illius

203 2855 310 2940 μῆτερ
334 2853 456 2941 (μᾶτερ
482 2853 518 2939 0)
542 2861 574 2921 et
595 2847 714 2940 τύχης.
758 2853 859 2920 obest
882 2850 996 2917 ἀελίου
1020 2875 1050 2918 ν.
1076 2851 1166 2917 1284.
1211 2852 1303 2930 Quod
1331 2850 1419 2929 enjm

202 2970 234 3033 iu
256 2972 363 3057 μῆτερ
387 2991 415 3036 v.
441 2971 521 3036 1281
546 2970 603 3036 uui
637 2975 661 3035 θ
678 2964 865 3054 libro'(qui
886 2972 994 3058 poia-ap
1018 2969 1142 3049 habet),
1175 2968 1207 3036 id
1238 2971 1271 3034 in
1303 2965 1419 3032 ἀελίου

92 3071 95 3076 ¹
204 3087 341 3171 utrique,
363 3088 397 3150 et
419 3092 448 3150 B
470 3093 502 3152 et
527 3092 557 3167 0,
580 3088 709 3155 accidit.
755 3085 1003 3154 Restituendum
1027 3094 1078 3151 est
1101 3083 1226 3169 ἠελίου.

281 3201 406 3270 -Doriee
428 3223 504 3269 vero
528 3206 714 3290 conscripta
743 3212 793 3270 est
815 3202 979 3279 monodia,
1001 3222 1084 3288 quae
1105 3203 1182 3266 iude
1214 3220 1235 3266 a
1267 3203 1417 3289 proximo

200 3339 297 3385 uersu
320 3319 450 3387 initium
473 3320 573 3407 oepit:
598 3317 645 3398 ἰώ,
668 3318 715 3386 ἰὼ.
913 3405 918 3414 .

283 3438 477 3504 Servant
498 3437 668 3519 dialogi
689 3441 860 3523 anapaesti
882 3437 935 3503 rel
957 3443 1026 3503 tum
1050 3461 1067 3522 p
1091 3434 1248 3515 atticum,
1281 3456 1355 3502 cum
1380 3441 1418 3501 ut

199 3529 303 3639 lyrica
325 3557 470 3620 earmina
492 3555 659 3640 strophioa
683 3557 823 3640 quadam
846 3556 1057 3640 responsione
1081 3565 1279 3618 coercentur.
1316 3552 1417 3619 Cuius

198 3672 243 3736 rei
267 3671 330 3736 duo
353 3672 442 3756 apud
463 3670 655 3757 Euripidem
678 3671 828 3758 exempla
847 3672 969 3737 inveni.

211 3808 403 3818 uun—.-

265 3889 290 3955 1)
308 3888 348 3940 01.
366 3890 448 3942 etiam
471 3907 496 3942 t'.
524 3895 572 3944 140
594 3908 633 3960 sq.
658 3890 696 3959 μή
715 3891 760 3946 νῦν
784 3887 849 3962 μὴτ’
874 3891 1006 3955 adeodate
1024 3890 1083 3959 ίζον
1105 3888 1110 3957 l
1129 3888 1227 3963 κρήνας
1249 3887 1321 3960 peip-9¹
1338 3885 1413 3960 ιίτνψ

66 4002 71 4010 ·
193 3987 333 4060 aalma
369 3989 475 4050 Quanto
492 3991 658 4044 huso·rerba
674 3995 783 4060 propter
808 4007 933 4044 numeros
957 3991 1038 4043 altius
1061 3990 1089 4042 in
1117 3990 1235 4042 animum
1258 3993 1413 4058 penetranti

192 4088 342 4158 Pinguntur
359 4090 397 4141 eia
414 4106 505 4143 morae
521 4092 678 4143 cunctantis.
712 4090 880 4144 Contrarium
903 4091 933 4142 fit
949 4091 978 4143 in
994 4107 1037 4141 rr.
1064 4093 1112 4144 14³
1130 4107 1178 4159 sq.,
1199 4092 1227 4143 iu
1250 4090 1347 4160 quibus
1371 4091 1412 4142 in·

192 4188 310 4253 quietam
327 4188 478 4241 festinantis
495 4190 701 4258 trepidationem
719 4190 876 4257 eonspioios:
894 4187 983 4258 πάντῃ
1003 4189 1030 4244 at
1049 4191 1134 4266 ripas
1153 4187 1271 4262 σχιστδν
1291 4190 1413 4257 turiseo

192 4285 197 4348 ξ
216 4285 322 4341 deseca.
343 4284 481 4352 Φύλασσε,
499 4287 539 4360 μή
558 4289 598 4353 τίς
616 4307 645 4343 σε
663 4288 748 4362 λᾷθῃ.
