3260 4742
630 205 927 289 -aof

172 377 370 456 cataplum,
393 394 474 462 quae
496 377 579 463 ipsis
601 376 714 464 lyricis
737 377 936 446 carminibus
956 380 1097 446 maxime
1112 381 1387 467 apudAtbenien-

171 513 224 561 ses
246 493 440 579 pervulgata
461 499 569 563 essent
591 499 689 584 atque
712 498 887 583 peregrina
917 496 1031 565 baberi
1065 517 1170 585 paene
1203 500 1386 566 desiissent.

169 609 301 682 lustane
324 613 423 694 igitur
445 602 572 683 ratione
594 634 696 683 necne
719 617 845 700 egerint
867 618 994 698 tragici,
1018 638 1090 684 cum
1113 618 1180 685 alia
1197 617 1270 685 aliis
1294 639 1387 705 prae-

59 758 62 764 ,
169 729 304 812 ferrent,
326 733 361 798 id
383 731 461 798 sblis
483 733 628 819 ipsorum
651 735 770 802 aetatis
797 734 999 819 bominibus,
1031 756 1113 822 quos
1151 739 1219 808 vita
1249 743 1281 804 et
1307 757 1386 804 wusus

170 849 327 916 docuerat
354 856 389 924 et
409 870 536 937 semper
567 852 722 933 docebat,
756 861 844 924 recte
875 855 1054 923 diiudicare
1088 875 1276 924 concessum
1308 863 1386 928 erat.

167 967 270 1036 Nobis
294 990 388 1050 vero,
411 970 465 1055 qui
486 971 585 1038 nimio
609 974 764 1059 temporis
785 974 959 1040 intervallo
983 975 1024 1040 ab
1047 974 1114 1042 illis
1136 977 1253 1042 remoti
1274 977 1386 1055 aimus,

168 1086 354 1154 accuratior
374 1089 516 1170 cognicio
537 1097 657 1174 negata
679 1099 740 1171 est,
765 1111 837 1158 oum
851 1093 1047 1176 tragicorum
1072 1100 1292 1176 monumenta,
1314 1097 1385 1181 qui-

168 1209 228 1276 bus
253 1207 400 1293 pepercit
419 1213 602 1295 temporum
624 1211 831 1294 malignitas,
855 1213 994 1278 doceant
1015 1211 1137 1296 solum,
1159 1212 1238 1299 quid
1259 1212 1384 1282 factum

169 1328 222 1406 sit,
246 1345 328 1412 quae
350 1326 451 1394 fuerit
475 1346 575 1394 causa
596 1348 635 1394 ac
656 1331 752 1408 ratio,
774 1307 945 1398 reticeant.

252 1445 341 1524 Quae
364 1465 438 1512 cum
460 1447 508 1514 ita
528 1446 612 1530 sint,
640 1469 680 1515 ne
702 1447 784 1516 illud
807 1450 936 1534 quidem
957 1452 1072 1518 mirum
1096 1459 1162 1528 est,
1194 1452 1281 1538 quod
1301 1471 1383 1522 non.-

169 1563 276 1640 nulla,
299 1564 586 1652 quaeAeschylus
615 1569 798 1654 partimque
821 1567 999 1654 Sophocles
1028 1568 1245 1646 admiserunt,
1269 1590 1384 1658 asper·

167 1690 264 1752 natus
277 1691 327 1752 est
340 1683 522 1770 Euripides.
545 1685 769 1753 Discrunthi:
793 1683 923 1775 κλᾶρος,
945 1682 1096 1760 θνάσκιυ,
1119 1683 1250 1778 (ἵμερος,
1273 1685 1384 1754 diio-

167 1799 233 1886 λοι,
254 1801 413 1892 μαχανά,
436 1823 519 1890 quae
542 1823 614 1870 cum
637 1805 711 1872 aliis
733 1810 830 1874 antea
852 1808 1131 1885 enumeravimus,
1159 1812 1196 1874 at
1216 1827 1382 1895 nunquam

167 1922 340 2010 Euripides
361 1921 428 2000 ille,
452 1914 547 2008 quem
571 1927 681 1990 tamen
703 1924 836 1992 fucatae
858 1926 1013 2007 gravitati
1035 1926 1190 1992 orationis
1203 1926 1291 1992 ultra
1312 1949 1383 1994 mo·

167 2043 244 2109 dum
276 2041 440 2108 studuisse
471 2060 538 2106 non
570 2043 640 2108 sine
672 2061 773 2110 cansa
814 2049 955 2126 arguunt
990 2065 1101 2110 omnes
1131 2051 1163 2111 et
1194 2051 1319 2114 veteres
1349 2053 1383 2114 et

166 2165 298 2228 nostrae
320 2159 439 2225 aetatis
468 2159 583 2226 critici.
629 2161 790 2228 Nimirum
825 2161 894 2226 eius
925 2163 973 2228 rei
1003 2181 1103 2230 causa
1132 2162 1207 2229 inde
1241 2165 1383 2250 petenda

167 2279 335 2364 estquod
356 2279 391 2344 in
412 2277 462 2344 bis
485 2278 581 2345 rebus
605 2278 645 2346 dc
667 2299 728 2346 sua
749 2279 885 2366 quisque
907 2286 1013 2346 aetate
1035 2286 1132 2368 poeta
1153 2284 1281 2367 pendet.
1317 2283 1381 2350 De-

167 2397 267 2464 bebat
288 2397 390 2480 igitur
409 2395 582 2482 Euripides
605 2418 714 2465 corum
737 2398 945 2484 potissimum
966 2400 1126 2468 rationem
1150 2401 1291 2484 babere,
1326 2403 1381 2488 qui

166 2515 296 2584 fabulas
314 2533 390 2580 suas
413 2521 596 2600 spectatum
618 2516 802 2599 veniebant,
823 2537 888 2584 non
909 2519 1073 2604 Aeschyli,
1095 2541 1116 2586 a
1138 2541 1200 2606 quo
1223 2520 1289 2586 iam
1311 2529 1380 2586 tum

166 2635 323 2722 temporis
344 2634 562 2700 Athenienses
585 2637 710 2701 animos
733 2655 865 2702 aversos
890 2637 1039 2705 babuere.
1083 2639 1167 2706 Nam
1185 2641 1271 2724 quod
1293 2640 1381 2726 apud

168 2755 252 2822 bunc
273 2753 396 2837 grande
419 2752 594 2839 putabatur
617 2760 713 2840 atque
736 2756 884 2837 sublime,
908 2762 965 2823 aot
988 2758 1055 2824 eius
1079 2758 1234 2824 vetustati
1257 2761 1379 2825 condo·

164 2859 322 2947 nubatur,-
353 2872 385 2938 id
408 2873 470 2939 sibi
502 2875 529 2939 si
550 2873 724 2960 Euripides
753 2875 964 2962 permisisset,
998 2877 1032 2942 in
1061 2876 1202 2944 ludibria
1230 2884 1317 2945 certe
1348 2885 1381 2945 et

164 2992 433 3082 reprehensiones
455 2993 655 3058 incurrisset.
789 3067 793 3075 ,
1341 3067 1343 3072 ,

252 3110 319 3177 lanr
344 3130 427 3188 ,rere
449 3109 529 3177 baec
551 3111 657 3178 altera
679 3111 839 3180 dubitatio
863 3116 982 3189 oritur,
1010 3136 1086 3181 num
1108 3115 1210 3182 semel
1231 3115 1377 3184 admisso

166 3232 201 3300 in
222 3231 322 3300 verbo
345 3230 453 3316 aliquo
476 3229 638 3308 dorismo‚
661 3231 726 3298 sibi
745 3239 861 3316 postea
882 3234 1066 3300 constiterit
1085 3233 1277 3318 Euripides,
1308 3237 1379 3304 sive

166 3358 318 3420 constare
340 3349 497 3444 debuerit.
540 3348 611 3416 Hoc
632 3369 698 3414 non
720 3343 832 3423 dubito
856 3353 979 3437 optimo
998 3353 1079 3435 iure,
1103 3360 1139 3420 nt
1161 3353 1239 3418 mibi
1256 3357 1378 3444 uideor,

163 3489 304 3552 negare,
326 3488 391 3535 non
413 3468 490 3554 quia
511 3475 612 3534 testas
634 3475 710 3535 siant
741 3453 835 3566 libri,
866 3489 1002 3554 errorum
1030 3473 1250 3538 testimonium
1281 3473 1378 3542 falla-

166 3590 332 3658 cissimum
356 3608 428 3654 esse
450 3588 678 3670 cognovimus3
711 3589 768 3653 sed
795 3587 873 3654 licet
894 3589 974 3655 illud
1007 3597 1097 3656 certa
1128 3591 1377 3660 ratiocinatione

164 3709 305 3792 assequi.
338 3706 465 3772 Etenim
487 3707 515 3772 si
538 3727 600 3772 non
625 3708 734 3774 omnia
756 3722 838 3792 quse
860 3711 1016 3793 poterant
1039 3708 1199 3776 vocabola
1219 3735 1241 3774 a
1263 3711 1376 3781 dorico

165 3825 400 3909 insigniebant,
424 3825 483 3892 sed
506 3839 588 3911 qnae
610 3827 745 3911 quisque
765 3825 940 3912 aptissima
962 3827 1140 3908 iudicabat,
1164 3848 1203 3896 ea
1224 3830 1287 3897 sibi
1320 3832 1374 3898 de·

163 3945 305 4034 ligabat,
328 3965 392 4010 non
412 3944 474 4010 fuit
497 3943 611 4011 borum
633 3945 807 4010 verborum
830 3966 983 4012 numerus
1005 3950 1114 4016 cortus
1135 3952 1233 4034 atqua
1262 3948 1374 4015 dolini-

164 4073 233 4146 tus;
255 4067 354 4131 immo
376 4067 409 4130 et
432 4064 508 4130 addi
530 4064 674 4148 potuerit
695 4065 724 4130 ei
747 4083 879 4130 necesse
901 4073 963 4142 cst,
986 4074 1017 4131 et
1039 4067 1149 4132 adimi.
1193 4067 1272 4144 Quis
1286 4067 1374 4132 enim
1464 4059 1471 4076 '

163 4186 245 4250 adeo
268 4183 376 4248 audax
400 4202 481 4264 esse,
503 4188 560 4248 aut
581 4187 693 4248 tantae
715 4181 777 4268 sibi
801 4183 904 4249 videri
927 4185 1131 4250 auctoritatis
1155 4183 1277 4269 potuit,
1307 4205 1373 4250 non

161 4307 199 4372 ut
220 4306 343 4388 poesim
366 4303 491 4386 solnm,
514 4303 572 4371 sed
593 4302 739 4386 lingnam
769 4307 835 4371 suis
862 4305 988 4387 legibus
1016 4308 1218 4388 adstringere
1254 4305 1375 4374 rellct‘r
