3260 4742
642 217 940 282 ..49-

181 394 250 460 tulo
272 401 322 459 est
343 411 530 458 communes
552 392 674 457 formas
697 411 762 456 nou
786 399 851 458 tam
870 391 996 478 abipso
1013 394 1113 476 poeta
1133 391 1293 458 admissas
1316 409 1398 474 esse,

43 572 55 601 ,
181 533 278 599 quam
309 513 473 598 prolectas
503 509 663 576 clerium
692 509 900 576 librariorum
935 515 1066 576 erroro?
1110 509 1264 575 Nostrum
1296 509 1397 591 igitur

181 635 233 697 est
255 651 310 696 eas
332 629 459 710 tollere,
483 649 553 696 oum
577 627 1034 704 defensioncmnouhubeaut
1058 635 1090 693 ct
1107 628 1290 698 restituere,
1313 649 1395 714 quae

181 753 299 817 iniuste
322 748 470 816 sublatae
493 753 595 827 erant,
619 747 639 812 i.
663 767 690 814 e.
715 747 855 814 doricas.

266 868 331 934 lam
356 886 432 934 voro
456 873 566 936 restat,
591 873 626 930 ut
648 864 746 932 etlam
769 865 952 932 trimetrum
972 864 1149 930 iambicum
1171 866 1283 950 paucis
1297 867 1396 932 attin·

182 1005 307 1069 gemus.

266 1101 395 1191 Duplex
417 1109 468 1170 est
495 1105 636 1170 trimetri
667 1110 761 1169 extra
790 1101 971 1169 divertium
1003 1121 1099 1178 usus;
1134 1110 1191 1169 aut
1213 1103 1298 1168 euim
1321 1122 1394 1172 oum

182 1222 285 1308 lyrica
312 1223 465 1289 carminis
494 1229 587 1309 purte
616 1223 663 1288 ite
694 1221 856 1300 cohaeret,
886 1228 921 1286 ut
950 1224 1096 1308 separari
1128 1228 1268 1307 nequeat
1296 1227 1394 1308 atque

183 1361 294 1409 omnes
316 1361 395 1429 quas
418 1339 475 1407 ille
497 1340 620 1406 doridis
642 1340 772 1406 dialecti
795 1342 997 1407 conditiones
1020 1341 1144 1412 subeat,
1168 1347 1224 1408 aut
1246 1361 1319 1408 cum
1334 1363 1393 1409 na·

183 1465 345 1536 tereste,
379 1481 444 1547 qua
464 1461 670 1546 potissimum
692 1459 726 1523 in
749 1458 879 1541 dialogo
904 1459 1008 1525 locum
1031 1459 1139 1542 habet,
1171 1462 1268 1528 ctiam
1291 1461 1394 1528 Attici

182 1581 339 1646 sermonis
362 1579 503 1646 colorem
535 1583 653 1644 servat.
696 1577 787 1655 Quod
818 1579 978 1664 imprimis
1008 1598 1068 1644 usu
1099 1579 1188 1644 veuit
1217 1581 1251 1646 in
1271 1579 1393 1666 lyricis,

183 1705 219 1765 ut
239 1699 287 1766 ita
308 1700 425 1774 dicam,
449 1697 613 1776 diverbiis,
637 1716 718 1782 quae
739 1699 774 1763 in
796 1696 878 1762 duas
901 1709 1010 1784 partes
1031 1697 1127 1764 facile
1146 1697 1282 1764 dividas.
1327 1700 1395 1765 Aut
1419 1733 1426 1746 ·

183 1817 266 1884 enim
298 1815 402 1883 ultera
431 1835 569 1903 persona
598 1817 748 1882 nonnisi
780 1816 937 1882 trimetris
969 1815 1122 1900 loquitur,
1155 1835 1226 1882 oum
1257 1816 1393 1885 alterius

184 1936 285 2002 oratio
308 1936 422 2000 metris
444 1933 555 2019 lyricis
577 1935 807 2016 adstringatur,
839 1940 895 2000 aut
916 1937 1097 2020 promiscue
1127 1941 1265 2022 utraque
1296 1938 1393 2003 modo

183 2051 234 2118 his
257 2052 355 2120 modo
377 2052 443 2119 illis
465 2052 609 2126 numeris
640 2053 797 2139 procedit.
843 2053 927 2119 Illud
955 2062 1032 2120 'cum
1063 2054 1194 2135 accidit,
1226 2056 1394 2122 trimetros

184 2190 294 2238 carere
315 2172 457 2238 dorismo
480 2171 531 2237 rel
553 2191 610 2257 per
632 2191 668 2237 se
690 2175 909 2237 necessarium
933 2179 991 2246 est,
1021 2170 1062 2239 cf.
1085 2173 1189 2238 Andr.
1215 2174 1277 2239 808
1312 2195 1394 2262 sqq.,

184 2289 280 2376 Hipp.
307 2295 357 2355 π’.
379 2292 444 2357 570
464 2311 545 2377 sqq.,
567 2290 640 2356 Tro.
664 2309 714 2356 vv.
735 2291 801 2355 240
822 2309 903 2377 sqq.,
925 2290 1003 2356 Hcc.
1030 2293 1092 2358 671
1116 2313 1197 2378 sqq.,
1221 2293 1274 2358 vol
1296 2292 1340 2359 lo.
1363 2315 1395 2362 r.

186 2408 267 2474 1503
289 2393 313 2472 ri
339 2407 427 2474 δεῖνα
450 2407 561 2476 τλᾶσα
586 2410 693 2496 μῆτερ
716 2414 750 2474 et
771 2407 865 2474 Herc.
890 2411 912 2478 f.
936 2429 965 2477 v.
991 2411 1071 2476 1171
1106 2405 1245 2499 εὔφημα
1281 2408 1395 2495 φώνει,

181 2527 215 2592 in
238 2527 352 2592 frustis
374 2530 605 2596 trimetrorum.

266 2645 501 2733 Nonnunquam
524 2648 606 2713 tales
628 2647 769 2714 trimetri
790 2647 1000 2733 stropharum
1022 2627 1132 2733 partes
1155 2648 1308 2730 efficiunt,
1340 2653 1398 2716 sed

181 2766 332 2851 quoniam
356 2766 589 2840 declamantur,
612 2787 676 2831 non
699 2768 812 2832 eudem
836 2767 1022 2851 strophicne
1052 2771 1273 2854 responsionis
1305 2789 1395 2834 sere-

180 2883 276 2950 ritate
299 2891 497 2951 coercentur.
541 2885 595 2951 Sio
617 2885 649 2951 in
673 2885 841 2952 Alcestido
864 2889 930 2954 (vr.
953 2885 1016 2952 252
1039 2891 1126 2972 sqq.)
1157 2888 1220 2952 duo
1243 2887 1397 2973 stropha-

179 3023 250 3067 rum
274 3006 368 3089 poria
389 3024 428 3069 ox
450 3003 563 3088 lyricis
579 3005 727 3070 versibus
738 3004 914 3071 Alcestidis
937 3004 1116 3071 etAdmeti
1137 3007 1294 3072 trimetris
1318 3028 1395 3073 con-

179 3122 364 3188 stituuntur.
410 3121 501 3188 Illius
537 3124 640 3188 oratio
674 3130 706 3190 et
740 3124 852 3189 dorica
882 3130 948 3191 est.
987 3130 1020 3188 et
1051 3129 1203 3190 accurate
1240 3125 1326 3190 inter
1360 3145 1396 3190 se

178 3241 291 3306 metris
313 3243 481 3324 congruit;
504 3247 538 3306 at
560 3242 611 3307 lric
634 3244 733 3308 attice
755 3242 899 3328 loquitur
919 3242 1142 3328 responsionis
1163 3243 1233 3324 lege
1245 3264 1310 3308 non
1333 3247 1394 3310 im—

179 3357 316 3440 peritus.
361 3360 410 3427 or.
433 3380 459 3426 ο.
483 3381 513 3442 g.
534 3341 585 3425 iv.
608 3361 672 3426 254
693 3379 742 3445 sq.

391 3479 451 3566 ὁρᾶ
474 3501 509 3544 os
532 3480 619 3568 κάμὲ
642 3473 698 3546 δύο
723 3484 833 3557 κακῶς
855 3479 1070 3570 πεπραγότας

392 3590 483 3663 οὐδὲν
506 3595 604 3668 θεοὺς
625 3597 818 3681 δράσαντας,
842 3598 918 3664 toa’
939 3596 1020 3666 ὅτου
1043 3604 1153 3683 darei,

176 3720 208 3779 ot
229 3715 284 3800 qui
307 3717 354 3780 cis
377 3721 572 3804 respondent
595 3739 645 3785 vv.
666 3719 731 3785 260
752 3739 800 3805 sq.

390 3831 502 3924 inceps
526 3840 665 3921 σαυτήν,
690 3825 717 3922 ui
739 3833 897 3910 scillarum,
918 3838 966 3927 μὴ
990 3838 1125 3926 προδῷς,

389 3951 506 4020 linono
530 3954 564 4020 δὲ
585 3953 662 4034 τοὺς
683 3958 890 4045 κρατοῦντας
913 3959 1074 4046 οἰκτεῖραι
1100 3951 1206 4034 θεούς.
1242 3997 1247 4008 ·

258 4073 345 4140 ruem
370 4076 491 4142 aratur
513 4076 696 4144 morosus
726 4079 864 4158 cantico,
887 4098 936 4142 vv.
969 4076 1188 4144 tarr-moa.
1233 4062 1291 4144 aa
1322 4078 1390 4145 uun

169 4192 203 4256 iu
226 4193 293 4258 eius
316 4195 459 4281 strophis
482 4183 618 4262 trimetri
639 4203 714 4262 srrrrt
736 4198 836 4263 attica
859 4197 971 4280 lingua
993 4199 1151 4284 concepti,
1174 4198 1311 4284 ideoque
1330 4201 1390 4264 mi-

170 4310 257 4374 nime
281 4313 364 4380 iuter
387 4337 421 4380 sc
447 4334 552 4400 paros,

1186 4491 1208 4554 4
