3260 4742
208 1771 296 1891 Cum
320 1823 355 1888 in
375 1819 561 1888 fabularum
584 1817 751 1895 divortiis,
776 1835 860 1903 quae
883 1833 1087 1882 communem
1100 1833 1284 1882 sermonem
1302 1819 1431 1912 iroitan3

207 1951 271 2012 tur.
293 1940 364 2008 sola
384 1941 454 2007 fere
467 1939 578 2006 Attica
600 1937 762 2006 dialectos
784 1938 928 2023 apostis
944 1935 1078 2019 tragicis
1092 1934 1239 2002 admissa
1255 1935 1311 2012 sit.
1333 1937 1431 2006 aliam

208 2062 368 2126 rationem
400 2059 435 2125 in
465 2057 609 2130 canticis¹
633 2058 816 2144 partimque
849 2059 950 2124 etiem
972 2055 1007 2121 in
1036 2057 1223 2142 anapaestis
1253 2055 1432 2124 obtinuisse

209 2185 348 2247 constat.
391 2177 491 2246 Cuius
513 2177 668 2265 reiquae
691 2197 812 2245 causeo
834 2178 968 2259 tuerint,
989 2177 1022 2242 in
1045 2181 1198 2262 promptu
1221 2181 1281 2256 est,
1308 2181 1433 2243 utnon

207 2317 288 2385 opus
309 2299 355 2365 sit
374 2298 416 2365 de
438 2297 487 2364 eis
509 2297 614 2364 muita
635 2295 858 2364 declamitare.
891 2294 973 2363 Cum
995 2293 1082 2361 enim
1099 2300 1132 2361 et
1147 2293 1319 2360 universae
1338 2298 1431 2381 poesi

209 2415 372 2482 Homerus
393 2422 563 2502 tamquam
585 2414 732 2481 divinum
754 2413 921 2500 quoddam
942 2411 1112 2500 exemplar
1132 2415 1321 2500 propositus
1336 2423 1433 2494 esset,

208 2541 243 2602 et
263 2534 410 2617 tragicae
438 2541 569 2621 praeter
601 2532 693 2599 illum
723 2532 886 2618 imprimis
909 2531 941 2597 ei
965 2535 1092 2618 poetae,
1122 2533 1176 2618 qui
1207 2532 1296 2620 apud
1328 2533 1433 2600 Dores

207 2652 372 2719 choricum
395 2650 523 2719 Musam
543 2650 722 2722 coluerant,
743 2651 813 2718 fieri
836 2669 900 2716 non
923 2651 1039 2737 potuit,
1062 2650 1141 2736 quin
1163 2649 1273 2716 abhis
1298 2669 1432 2737 praece·

208 2771 355 2858 ptoribus
377 2789 444 2836 una
467 2789 541 2836 oum
563 2779 634 2836 arte
657 2769 755 2836 etiam
778 2770 883 2836 oratio
907 2771 1116 2854 reciperetur.
1138 2766 1340 2854 Quamquam
1361 2769 1433 2837 dia·

206 2888 366 2957 lectornm
388 2908 466 2954 usus
489 2889 590 2954 arctis
612 2888 731 2956 finibus
761 2886 996 2960 continebatur.
1027 2871 1131 2972 neque
1160 2905 1197 2950 eo
1227 2907 1368 2973 unquam
1391 2889 1430 2955 li·

207 3007 337 3074 centiae
359 3007 477 3090 tragici
499 3007 668 3092 progressi
691 3013 778 3077 sunt.
802 3011 838 3072 ut
860 3003 1136 3072 obliviscerentur
1147 3025 1182 3071 se
1196 3004 1326 3072 Atticos
1349 3026 1432 3089 esse,

205 3128 302 3194 etad
324 3125 542 3195 Athenienses
564 3128 604 3193 de
632 3125 760 3214 pulpito
791 3125 890 3192 verba
922 3125 1041 3190 tacere.
1086 3122 1197 3191 Pauca
1226 3124 1313 3190 enim
1344 3132 1432 3206 sunt,

205 3265 299 3332 quae,
328 3245 357 3311 si
388 3244 554 3332 principos
586 3246 774 3328 tragoediae
804 3243 980 3330 respicias,
1010 3242 1210 3329 Aeschylus,
1243 3243 1431 3330 Sophocles,

205 3363 378 3449 Euripides
411 3363 451 3429 de
484 3363 649 3449 peregrini
683 3362 845 3428 sermonis
878 3359 975 3448 copia
1008 3359 1201 3428 hauserunt.
1246 3362 1329 3442 Quin
1359 3365 1431 3450 ipse

205 3479 391 3567 Euripides,
426 3482 572 3568 quitum
596 3482 699 3548 multa
720 3482 755 3548 in
778 3484 848 3547 arte
876 3480 1007 3547 scenica
1028 3486 1061 3548 et
1087 3479 1273 3547 fabularum
1298 3500 1431 3569 compo-

206 3597 327 3664 sitione
350 3601 493 3676 novavit,
516 3599 550 3666 in
573 3599 633 3668 isac
655 3605 765 3666 tamen
790 3619 825 3666 re
847 3575 1051 3685 aliquantum
1084 3600 1189 3684 magis
1218 3618 1254 3665 se
1283 3601 1431 3668 coercuit

206 3735 265 3784 uec
288 3717 355 3782 iere
379 3717 465 3784 ultra
486 3719 644 3785 terminos
667 3717 768 3783 semei
790 3718 986 3784 constitutos
1002 3725 1159 3802 evagatus
1182 3722 1243 3784 est.
1266 3717 1332 3805 Ipsi
1351 3740 1429 3786 vero

205 3836 238 3904 hi
260 3837 390 3904 termini
415 3858 535 3920 magna
555 3857 597 3904 ex
621 3843 716 3925 parte
735 3837 852 3906 incerti
874 3846 962 3910 suut,
998 3837 1108 3924 oeque'
1123 3858 1265 3925 uuquam
1287 3840 1430 3906 fortasse

205 3956 295 4040 leges
317 3955 408 4037 illae,
435 3955 551 4041 quibus
573 3957 689 4039 tragici
712 3956 923 4022 dialectorum
947 3976 1040 4022 usum
1055 3957 1339 4045 circumscriptum
1357 3977 1429 4024 esse

206 4071 386 4147 uoluerunt,
409 4074 456 4140 itu
478 4074 546 4140 erni
571 4077 668 4160 atque
690 4074 854 4162 explorari
878 4081 1039 4161 poterunt,
1061 4083 1098 4142 ut
1120 4076 1266 4160 ambigui
1284 4075 1363 4143 nihil
1378 4097 1430 4144 re·

204 4191 383 4278 linquatur.
427 4192 519 4260 Adeo
541 4213 609 4260 reru
634 4213 692 4281 per
714 4213 749 4260 se
781 4212 896 4276 ragam
920 4200 953 4260 et
983 4193 1115 4261 dubiam
1144 4196 1242 4261 etiam
1276 4194 1445 4264 insertio.

204 4331 271 4378 reru
311 4311 419 4378 reddit
456 4312 612 4380 librorum
647 4313 847 4380 traditorum
887 4331 1006 4380 manca
1042 4312 1223 4402 debilisque
1260 4314 1427 4382 memoria.
