3260 4742
622 211 789 275 ..ιο
880 249 922 261 ..

160 377 194 437 et
209 377 389 444 austeriore
411 379 518 444 forma
540 381 695 464 pingitur.
717 377 835 447 Nolim
849 382 953 462 igitur
976 400 1047 446 oum
1065 379 1230 464 Elmsleyo
1253 384 1285 444 et
1307 374 1406 444 ulna
1437 373 1448 418 -’

159 490 269 569 dordr,
293 514 373 578 quos
398 496 448 561 vel
472 497 642 562 Nauokius
666 499 822 582 sequitur,
1404 505 1407 510 “

297 627 299 631 “
370 613 373 616 ’
419 616 518 698 τήκει
544 615 667 699 βιοτήν
690 642 795 664 -’-
817 613 1112 706 παραθαλπομὲνι)
1207 648 1208 651 “

158 727 312 807 scribere,
335 733 394 797 sed
417 740 452 798 ut
474 738 579 798 totum
603 734 760 799 doricum
775 734 909 799 reddam
932 739 1079 818 systema
1101 733 1450 820 eiqueaequabili-=··'-’

162 850 263 912 tatem
285 852 445 916 sermonis
481 871 618 928 servem,
651 853 685 916 in
717 851 813 916 tertio
844 871 940 916 versu
962 853 982 914 ἁ
1006 850 1041 914 δέ
1069 853 1266 918 restituere·
1295 835 1386 916 Haeo

162 966 281 1050 optime
305 987 375 1032 oum
400 975 469 1034 toto
488 969 713 1035 'rerumstatu
733 972 924 1050 congruunt.
963 969 1085 1035 Chorus
1109 969 1229 1034 auditis
1251 967 1398 1034 Medeae·
1433 1009 1442 1014 .,

102 1116 127 1174 j
160 1082 313 1148 lamentis
336 1088 488 1164 occurrit,
512 1090 544 1151 et
567 1107 649 1172 quae
672 1087 717 1151 sit
739 1103 851 1152 eorum
874 1103 982 1162 eausa,
1007 1087 1145 1169 quaerit.
1169 1083 1249 1150 ‘Iuor
1267 1085 1385 1149 ¹nutrix
1448 1091 1449 1098 ’

160 1179 274 1284 paucis
300 1203 415 1281 uerbis,
439 1224 521 1289 quae
544 1203 729 1289 respondet,
753 1185 880 1270 omnem
911 1202 1045 1281 reginae
1073 1203 1241 1268 miseriam
1264 1202 1385 1282 singen·
1440 1235 1443 1242 .

161 1327 290 1402 temque
312 1339 406 1385 suum
429 1321 575 1388 dolorem
606 1322 744 1401 detegit3
775 1326 811 1384 ut
840 1323 938 1384 antea
967 1318 1091 1396 Medea,
1121 1320 1169 1390 ita
1197 1337 1283 1384 uuno
1312 1318 1386 1404 ipsa
1417 1361 1419 1366 ·

161 1434 337 1503 lamentari
351 1441 468 1524 eoepit,
487 1426 565 1504 ¹oum
578 1437 743 1521 ¹ceteroqui
768 1435 855 1500 illius
878 1429 1023 1500 animum'
1041 1435 1229 1501 confirmare
1244 1436 1386 1512 studeat,

62 1592 65 1598 ·
163 1559 364 1632 aut'seoum,
387 1557 467 1642 quid
489 1557 678 1634 iaciendum
697 1555 750 1633 sit,
773 1551 942 1617 deliberet.
986 1549 1105 1618 Differt
1125 1553 1227 1634 igitur
1249 1551 1311 1616 hoo
1330 1570 1384 1634 sy·

162 1680 267 1738 stema
290 1695 353 1738 ooo
376 1675 482 1740 solum
505 1675 648 1740 dialecto
671 1691 691 1734 a
714 1670 842 1740 ceteris,
866 1665 1045 1737 sedetiam
1069 1674 1270 1752 argumento.

247 1785 377 1858 Vitiosa
399 1799 506 1859 eutero
532 1814 606 1858 oum
616 1793 782 1883 Elursleyo
798 1797 979 1879 ceterisque
998 1789 1078 1854 viris
1092 1788 1148 1854 dd.
1164 1787 1278 1870 habeo,
1302 1809 1384 1876 quae

161 1909 192 1972 io
214 1920 379 1992 postremo
400 1913 537 1977 nutricis
560 1918 738 1996 systemate
772 1913 926 1992 leguntur
949 1908 1085 1996 o‘ppodp‘
1106 1927 1134 1971 v·
1161 1909 1228 1972 191-
1243 1918 1276 1972 et
1296 1907 1385 1984 βοάν

162 2027 236 2089 203.
281 2027 528 2094 Restituenduru
552 2036 611 2112 ¹est
634 2033 666 2095 in
690 2031 740 2094 lis
777 2029 884 2094 uerbis
909 2053 937 2114 p,
968 2027 1055 2112 quod
1084 2031 1223 2110 apparet
1255 2018 1385 2090 eumin

163 2143 309 2212 eiusdem
335 2168 446 2214 versus
469 2149 531 2213 {²03
554 2142 677 2236 μάτην,
700 2153 767 2212 tum
790 2147 823 2210 io
846 2141 928 2233 iptio
944 2145 1015 2212 187,
1039 2140 1138 2226 τήνδε
1163 2141 1234 2216 188,
1258 2139 1387 2226 λεαίνης

164 2262 234 2340 rso,
256 2242 365 2352 ,ioue-4
391 2267 461 2332 ros.

251 2383 333 2448 llira
364 2385 522 2468 quaedam
554 2387 618 2450 sibi
642 2383 829 2451 Dresselius
853 2383 1027 2468 persuasit.
1073 2379 1248 2462 „Videtur,
1281 2378 1386 2462 iuquit

162 2519 215 2583 pg.
240 2502 292 2580 32,
321 2500 496 2586 Euripides
527 2503 669 2568 dorismo
701 2504 867 2568 interdurn
899 2521 979 2566 usus
1012 2519 1104 2577 esse,
1136 2507 1171 2564 ut
1201 2515 1385 2562 sermonem

163 2621 334 2686 cuiusdam
359 2621 527 2706 amplioris
550 2643 709 2707 personae
733 2619 908 2704 (Medeae),
939 2618 993 2682 ubi
1017 2637 1087 2682 cum
1112 2613 1283 2679 humiliore
1306 2631 1385 2696 qua·
1412 2664 1416 2674 .

162 2739 238 2803 dam
262 2740 418 2825 (neutrius)
442 2741 691 2826 colloqueretur,
715 2739 914 2820 singularem
940 2742 1038 2820 atque
1062 2735 1245 2819 speciosum
1268 2738 1301 2796 et
1311 2749 1394 2809 gra--

162 2857 284 2922 viorem
310 2858 493 2924 redderet.“
520 2857 580 2922 His
603 2857 689 2924 euim
711 2864 837 2922 tautum
860 2855 964 2928 abest,
988 2859 1023 2917 ut
1047 2859 1176 2936 poetam
1201 2846 1387 2917 Dresselius

163 2974 328 3054 defendat,
352 2984 387 3042 ut
409 2978 489 3043 risui
511 2996 584 3041 eum
608 2980 705 3060 atque
728 2970 872 3050 ludibrio
896 2988 1060 3054 exponere
1083 2968 1242 3032 videatur.
1271 2964 1387 3030 Medea
1485 3044 1494 3056 .

162 3093 299 3175 seilicet,
321 3102 358 3160 ut
380 3094 523 3174 domina,
547 3096 658 3160 dorice
680 3093 843 3180 loquitur,
870 3088 982 3154 nutrix
1004 3087 1038 3150 in
1061 3085 1172 3151 atticis
1194 3081 1309 3147 formis
1332 3101 1387 3145 aa·

163 3212 312 3297 quiescit.
358 3213 408 3277 En
429 3212 541 3298 prodit
564 3211 701 3294 chorus,
723 3216 760 3276 ut
782 3227 916 3274 eausam
939 3198 1049 3274 luctus
1073 3201 1113 3268 de
1134 3200 1263 3306 nutries
1286 3217 1386 3285 quae-

161 3336 224 3396 rat.
268 3333 314 3398 At
334 3354 411 3400 vero
433 3333 512 3415 illa,
543 3352 626 3418 quae
657 3336 707 3396 est
742 3347 908 3395 servorum
940 3321 1161 3400 cousuetudo,
1192 3319 1247 3406 qui
1276 3337 1387 3384 eoram

164 3452 305 3518 dominis
329 3451 480 3532 modesti,
503 3450 635 3536 superbi
658 3450 815 3514 aduersus
839 3444 921 3510 alios
945 3447 1040 3521 sunt,
1061 3439 1193 3504 iamiam
1217 3435 1388 3518 magnifiee

162 3570 255 3660 loqui
279 3573 388 3659 eoepit
411 3578 443 3639 et
468 3573 651 3638 orationem
676 3568 788 3633 fucata
810 3563 980 3648 dignitatis
1003 3560 1113 3648 speeie
1132 3576 1260 3624 ornare.
1278 3621 1282 3634 ,
1303 3555 1388 3621 Nam

162 3686 259 3756 τᾶκει
284 3691 418 3758 diciret
439 3686 562 3768 βιοτάν
586 3697 619 3754 et
642 3681 950 3776 παραθαλπομὲνα,
975 3699 1058 3766 quae
1082 3677 1192 3742 omnia
1208 3676 1239 3741 ei
1251 3675 1389 3742 Dresso·

162 3810 226 3876 lius
250 3829 377 3896 quoque
402 3809 560 3874 coneedit

247 3927 338 3994 Idem
362 3947 494 4013 prorsus
518 3932 615 4013 atque
639 3927 670 3990 io
694 3925 743 3989 his
765 3918 902 3988 Medeae
934 3915 1121 4001 anapaestis
1152 3915 1185 3979 in
1210 3911 1389 4015 Q.

167 4047 432 4142 Qum
461 4047 551 4112 uenit
615 4042 725 4108 Verba
759 4040 887 4106 faciunt
922 4033 1074 4129 Phaedra
1102 4034 1234 4117 eiusque
1265 4027 1388 4094 nutrix.

165 4145 311 4231 Nutricis
343 4186 456 4230 uersus
480 4172 557 4229 sunt
580 4160 754 4228 riu-197
786 4161 830 4256 (v.
857 4157 920 4220 104
947 4144 1178 4237 ἁπιιροσύνην
1212 4147 1273 4212 BC
1295 4144 1388 4209 codd.

164 4286 387 4352 etPlut.amel
410 4304 453 4367 pg
475 4284 563 4360 764),
593 4280 775 4358 auu-906,
798 4270 984 4348 era-214,
1007 4267 1189 4346 923ψὲ27,
1211 4263 1396 4338 aaa-238,
