3260 4742
649 197 945 260 ..47-

171 373 306 462 (tycho.
323 372 378 455 68,
394 361 460 436 οὐδ’
484 368 516 434 ὲν
540 361 637 455 Νύσᾳ
661 365 749 457 μετὰ
773 371 925 458 νυμφᾶν,
947 377 1026 447 tum,
1051 371 1136 456 quod
1153 370 1357 438 Hermannus
1379 399 1398 438 a

173 499 289 582 quater
309 492 484 578 repetitum
509 489 655 568 damnat,
687 488 767 553 satis
791 494 843 554 est
865 488 1008 554 eiusdem
1031 488 1161 555 fabulae
1185 509 1315 556 vorsum
1340 495 1400 559 146

174 611 363 678 laudavisse
379 606 458 674 πλα
470 600 518 671 va‘
528 631 599 684 τας
633 606 766 691 ἰαχαῖς
787 602 817 669 τ’
840 604 981 670 ἁναπᾰ
990 603 1090 670 hiron.

260 727 422 798 Mendosa
443 733 521 793 sunt

175 847 306 936 hasloas
326 857 359 914 et
380 842 487 932 λύπης
506 844 577 913 Hel.
600 845 673 926 381,

175 963 286 1058 τύχης
306 967 351 1034 Io.
374 969 447 1036 714.

263 1089 310 1154 At
331 1106 408 1154 vero
432 1082 562 1152 defendi
584 1104 681 1171 posse
705 1085 821 1171 opinor
852 1081 1016 1171 χλιδανῆς
1037 1084 1093 1169 Cy.
1106 1085 1172 1150 496
1193 1090 1329 1172 propter
1350 1093 1402 1154 to·
1424 1111 1429 1170 ς

176 1207 245 1274 tius
267 1206 421 1274 carminis
444 1203 642 1287 singularem
666 1213 828 1269 naturam.
872 1201 933 1270 Est
955 1205 1039 1269 enim
1062 1223 1194 1270 carmen
1217 1209 1262 1286 (v.
1284 1205 1399 1272 491·-
1424 1175 1428 1210 ³

178 1347 209 1394 v.
222 1327 301 1406 514)
314 1343 423 1393 eorum
438 1323 554 1402 simile,
577 1339 659 1407 quae
682 1323 768 1388 inter
790 1320 910 1406 pocula
932 1325 1005 1389 cani
1027 1320 1189 1400 solebant,
1213 1325 1401 1392 Anacreon-

179 1447 244 1512 teis
268 1441 413 1510 versibus
448 1443 676 1526 compositum.
706 1459 811 1528 nequo
834 1441 869 1507 in
891 1441 1057 1528 stropham
1087 1451 1119 1509 et
1150 1441 1399 1531 antistropham,

179 1564 293 1630 sedin
317 1563 382 1628 tria
411 1561 497 1626 inter
519 1581 555 1627 se
585 1561 678 1646 paria
707 1559 855 1626 membra
886 1539 1096 1647 tripertitum.
1141 1561 1235 1628 Hunc
1269 1585 1401 1630 (ausam

179 1685 283 1752 fuisse
305 1682 464 1768 suspicor,
495 1700 553 1747 cur
576 1686 672 1767 poeta
705 1681 882 1746 dorismum
916 1681 1087 1748 evitaverit
1118 1679 1298 1770 (χλιδανῆς
1328 1685 1402 1765 496,

181 1803 303 1888 πηγαῖς
322 1801 396 1880 492,
420 1795 487 1886 ἥβη
511 1799 601 1885 600),
632 1800 667 1865 in
689 1797 801 1864 fabula
824 1801 968 1884 satyrica
998 1799 1061 1866 sibi
1090 1800 1292 1886 permittens,
1315 1804 1401 1887 quod

181 1923 215 1988 in
253 1921 416 1987 severiore
456 1918 699 2000 tragoediarum
741 1919 974 2002 compositione
1013 1926 1163 1999 negatum
1200 1917 1273 1985 fuit.
1318 1919 1401 1986 Nam

183 2041 276 2128 parvi
298 2040 409 2117 refert,
443 2037 530 2123 quod
564 2036 660 2112 idem,
693 2045 728 2101 ut
757 2036 895 2114 videtur,
928 2037 1026 2103 etiam
1049 2040 1080 2104 io
1116 2038 1238 2105 Alcest.
1274 2039 1403 2104 «antico

180 2161 332 2226 86-112
353 2157 485 2234 oceidit,
516 2175 599 2241 quae
629 2163 662 2222 et
694 2155 768 2240 ipsa
797 2157 959 2241 satyricae
988 2156 1119 2222 fabulae
1152 2157 1223 2222 loeo
1257 2156 1403 2224 habetor.

183 2277 270 2345 uuo
284 2277 411 2364 quidem
425 2273 641 2340 Kirehhoffius
656 2273 745 2352 iacit,
769 2278 822 2359 qui
837 2274 927 2339 chori
943 2293 1155 2362 versuumque
1174 2275 1404 2342 distributione

184 2405 311 2463 mutata
344 2395 439 2461 modo
473 2393 624 2476 vulgares
654 2393 750 2458 modo
784 2394 914 2460 derides
946 2394 1070 2460 formas
1104 2394 1291 2480 praeferens
1323 2398 1405 2461 mire

123 2595 128 2610 ¹
184 2517 297 2582 onnia
319 2513 514 2580 confoderit.

271 2631 396 2700 Chorus
428 2632 528 2698 finitis
558 2635 747 2718 anapaestis
781 2632 857 2698 inde
880 2651 900 2696 a
921 2652 950 2698 s.
974 2631 1016 2698 88
1038 2633 1070 2696 in
1103 2631 1165 2697 duo
1195 2631 1403 2711 hemichorio,

184 2758 268 2819 Aet
289 2759 328 2831 Β,
349 2751 507 2826 discedit3
528 2749 616 2816 illius
640 2770 752 2816 sersus
774 2756 852 2816 sunt
873 2748 1010 2827 86-88,
1041 2757 1074 2816 et
1098 2751 1276 2832 luo-102,
1311 2751 1405 2817 huius

182 2869 571 2938 89-92et103-106.
615 2869 677 2948 Qui
711 2875 891 2956 sequuntur
919 2870 1088 2954 anapaesti
1124 2869 1224 2935 etiam
1248 2890 1267 2935 6
1290 2869 1404 2936 Kirch-

185 2989 284 3058 hofio
306 2997 395 3056 recte
418 2986 586 3055 distributi
617 2993 703 3055 sont.
749 2987 818 3054 Iam
853 3006 929 3053 vero
959 2985 1042 3053 illud
1071 2987 1186 3061 elucet,
1221 3009 1261 3054 ea
1283 3009 1407 3076 quaes

186 3111 294 3199 primo
315 3110 485 3198 utriusque
518 3109 671 3195 strophae
704 3108 905 3174 hemichorio
938 3107 979 3172 ob
1010 3107 1184 3174 iambicum
1216 3107 1404 3194 rhythmum

183 3229 411 3297 declamantur
433 3228 537 3310 magis
573 3247 669 3314 quom
704 3234 874 3306 canuntur,
906 3245 1018 3294 carcre
1041 3226 1184 3294 dorismo
1220 3224 1350 3310 (πυλῶν
1373 3235 1406 3294 et

187 3348 367 3434 appetem
390 3347 527 3414 aiterum
550 3353 660 3412 tamen
683 3346 927 3424 hemichoriom‚
954 3345 1041 3431 qnod
1069 3344 1159 3412 illius
1188 3346 1287 3414 verba
1316 3348 1405 3413 exci-

190 3467 248 3553 pit.
269 3466 383 3533 dorica
405 3464 546 3532 dialecto
568 3466 616 3532 uti
640 3459 735 3555 (poio,
759 3460 853 3544 ἄτας,
876 3465 1001 3552 petra,
1031 3463 1119 3550 quod
1145 3461 1245 3532 hahet
1265 3467 1407 3553 optimus

186 3583 366 3670 Oeodex).
389 3582 460 3652 Hoc
481 3603 559 3651 vero
581 3585 656 3652 ideo
678 3589 779 3672 poeto
798 3585 847 3652 sic
868 3584 1022 3656 instituit.
1044 3589 1081 3650 ut
1097 3585 1202 3651 maior
1226 3585 1328 3651 animi
1349 3601 1407 3651 ex·

189 3703 313 3783 citatio,
335 3721 432 3789 quam
454 3703 599 3790 produnt
620 3709 653 3771 et
675 3703 775 3772 verba
797 3711 830 3772 et
851 3703 987 3784 numeri,
1022 3701 1161 3770 dialecto
1186 3703 1285 3772 etiam
1307 3721 1408 3788 auge·

190 3831 287 3890 retur.

139 4005 143 4014 ,
274 3941 414 4008 Datirns
434 3941 469 4006 in
491 3928 725 4028 {terminatur

191 4060 263 4127 Hei.
288 4060 349 4128 158
371 4061 429 4148 πῆ,

190 4177 288 4266 Hipp.
309 4179 374 4246 210
396 4183 548 4269 κσμητῆ,

192 4297 361 4366 61616986
383 4293 485 4388 ἄλλῃ,
