<?xml version="1.0" encoding="UTF-8"?>
<!DOCTYPE html PUBLIC "-//W3C//DTD XHTML 1.0 Transitional//EN"
    "http://www.w3.org/TR/xhtml1/DTD/xhtml1-transitional.dtd">
<html xmlns="http://www.w3.org/1999/xhtml" xml:lang="en" lang="en">
 <head>
  <title>
</title>
<meta http-equiv="Content-Type" content="text/html;charset=utf-8" />
  <meta name='ocr-system' content='tesseract 3.04.00' />
  <meta name='ocr-capabilities' content='ocr_page ocr_carea ocr_par ocr_line ocrx_word'/>
</head>
<body>
  <div class='ocr_page' id='page_1' title='image "./quarationeeurip00weidgoog_0060.png"; bbox 0 0 3260 4742; ppageno 0'>
   <div class='ocr_carea' id='block_1_1' title="bbox 634 285 931 352">
    <p class='ocr_par' dir='ltr' id='par_1_1' title="bbox 634 285 931 352">
     <span class='ocr_line' id='line_1_1' title="bbox 634 285 931 352; baseline 0.03 -22"><span class='ocrx_word' id='word_1_1' title='bbox 634 285 931 352; x_wconf 74' lang='lat'><strong>‚73-</strong></span> 
     </span>
    </p>
   </div>
   <div class='ocr_carea' id='block_1_2' title="bbox 174 409 1529 666">
    <p class='ocr_par' dir='ltr' id='par_1_2' title="bbox 174 409 1529 666">
     <span class='ocr_line' id='line_1_2' title="bbox 174 409 1529 549; baseline 0.022 -44"><span class='ocrx_word' id='word_1_2' title='bbox 174 459 235 505; x_wconf 90' lang='lat' dir='ltr'><strong>nus</strong></span> <span class='ocrx_word' id='word_1_3' title='bbox 257 409 370 510; x_wconf 81' lang='lat' dir='ltr'><strong>eontra</strong></span> <span class='ocrx_word' id='word_1_4' title='bbox 390 451 424 511; x_wconf 85' lang='lat' dir='ltr'><strong>et</strong></span> <span class='ocrx_word' id='word_1_5' title='bbox 443 444 629 514; x_wconf 86' lang='lat' dir='ltr'><strong>Dindorfius</strong></span> <span class='ocrx_word' id='word_1_6' title='bbox 652 450 707 515; x_wconf 79' lang='grc' dir='ltr'><strong>τοί</strong></span> <span class='ocrx_word' id='word_1_7' title='bbox 728 457 804 536; x_wconf 88' lang='lat' dir='ltr'><strong>post</strong></span> <span class='ocrx_word' id='word_1_8' title='bbox 829 451 891 544; x_wconf 75' lang='grc' dir='ltr'><strong>γάρ</strong></span> <span class='ocrx_word' id='word_1_9' title='bbox 918 457 1074 526; x_wconf 87' lang='lat' dir='ltr'><strong>inserunt</strong></span> <span class='ocrx_word' id='word_1_10' title='bbox 1118 461 1299 549; x_wconf 88' lang='lat' dir='ltr'><strong>Utrumque</strong></span> <span class='ocrx_word' id='word_1_11' title='bbox 1329 482 1387 549; x_wconf 87' lang='lat' dir='ltr'><strong>pa·</strong></span> <span class='ocrx_word' id='word_1_12' title='bbox 1523 493 1529 504; x_wconf 93' lang='lat'><strong>·</strong></span> 
     </span>
     <span class='ocr_line' id='line_1_3' title="bbox 174 558 1389 666; baseline 0.017 -46"><span class='ocrx_word' id='word_1_13' title='bbox 174 573 247 621; x_wconf 88' lang='lat' dir='ltr'><strong>rum</strong></span> <span class='ocrx_word' id='word_1_14' title='bbox 267 558 437 643; x_wconf 81' lang='lat' dir='ltr'><strong>probabile</strong></span> <span class='ocrx_word' id='word_1_15' title='bbox 475 563 612 631; x_wconf 84' lang='lat' dir='ltr'><strong>videtur.</strong></span> <span class='ocrx_word' id='word_1_16' title='bbox 656 565 783 666; x_wconf 76' lang='lat' dir='ltr'><strong>Fluxit,</strong></span> <span class='ocrx_word' id='word_1_17' title='bbox 813 571 877 636; x_wconf 87' lang='lat' dir='ltr'><strong>nisi</strong></span> <span class='ocrx_word' id='word_1_18' title='bbox 906 572 1023 654; x_wconf 86' lang='lat' dir='ltr'><strong>fallor,</strong></span> <span class='ocrx_word' id='word_1_19' title='bbox 1055 571 1121 664; x_wconf 72' lang='grc' dir='ltr'><strong>γάρ</strong></span> <span class='ocrx_word' id='word_1_20' title='bbox 1144 597 1162 644; x_wconf 98' lang='lat' dir='ltr'><strong>e</strong></span> <span class='ocrx_word' id='word_1_21' title='bbox 1183 577 1389 645; x_wconf 84' lang='lat' dir='ltr'><strong>substantivo</strong></span> 
     </span>
    </p>
   </div>
   <div class='ocr_carea' id='block_1_3' title="bbox 174 664 1389 870">
    <p class='ocr_par' dir='ltr' id='par_1_3' title="bbox 174 664 1389 870">
     <span class='ocr_line' id='line_1_4' title="bbox 176 664 1389 776; baseline 0.026 -44"><span class='ocrx_word' id='word_1_22' title='bbox 176 664 277 758; x_wconf 74' lang='grc' dir='ltr'>ἄγρα,</span> <span class='ocrx_word' id='word_1_23' title='bbox 298 675 420 761; x_wconf 80' lang='lat' dir='ltr'><strong>scripto</strong></span> <span class='ocrx_word' id='word_1_24' title='bbox 442 673 507 763; x_wconf 79' lang='lat' dir='ltr'><strong>&#39;per&#39;</strong></span> <span class='ocrx_word' id='word_1_25' title='bbox 522 681 753 767; x_wconf 76' lang='lat' dir='ltr'><strong>compendium</strong></span> <span class='ocrx_word' id='word_1_26' title='bbox 774 684 914 772; x_wconf 89' lang='lat' dir='ltr'><strong>ideoque</strong></span> <span class='ocrx_word' id='word_1_27' title='bbox 937 695 1105 776; x_wconf 77' lang='lat' dir='ltr'><strong>corrupto,</strong></span> <span class='ocrx_word' id='word_1_28' title='bbox 1136 694 1389 762; x_wconf 87' lang='lat' dir='ltr'><strong>restituendum-</strong></span> 
     </span>
     <span class='ocr_line' id='line_1_5' title="bbox 174 795 311 870; baseline 0.044 -21"><span class='ocrx_word' id='word_1_29' title='bbox 174 795 311 870; x_wconf 87' lang='lat' dir='ltr'><strong>quoest</strong></span> 
     </span>
    </p>
   </div>
   <div class='ocr_carea' id='block_1_4' title="bbox 464 945 1100 1050">
    <p class='ocr_par' dir='ltr' id='par_1_4' title="bbox 464 945 1100 1050">
     <span class='ocr_line' id='line_1_6' title="bbox 464 945 1100 1050; baseline 0.022 -35"><span class='ocrx_word' id='word_1_30' title='bbox 464 947 572 1034; x_wconf 78' lang='grc' dir='ltr'><em>δεινῶς</em></span> <span class='ocrx_word' id='word_1_31' title='bbox 596 945 701 1044; x_wconf 69' lang='grc' dir='ltr'>ἄγρας</span> <span class='ocrx_word' id='word_1_32' title='bbox 722 951 814 1041; x_wconf 78' lang='grc' dir='ltr'><em>τήνδ’</em></span> <span class='ocrx_word' id='word_1_33' title='bbox 836 958 949 1025; x_wconf 76' lang='grc' dir='ltr'>αἰκίαν</span> <span class='ocrx_word' id='word_1_34' title='bbox 971 981 998 1027; x_wconf 90' lang='lat' dir='ltr'><strong>e.</strong></span> <span class='ocrx_word' id='word_1_35' title='bbox 1016 983 1052 1050; x_wconf 82' lang='lat' dir='ltr'><strong>q.</strong></span> <span class='ocrx_word' id='word_1_36' title='bbox 1074 981 1100 1029; x_wconf 93' lang='lat' dir='ltr'><strong>s.</strong></span> 
     </span>
    </p>
   </div>
   <div class='ocr_carea' id='block_1_5' title="bbox 175 1106 1388 1434">
    <p class='ocr_par' dir='ltr' id='par_1_5' title="bbox 175 1106 1388 1434">
     <span class='ocr_line' id='line_1_7' title="bbox 253 1106 1388 1212; baseline 0.018 -33"><span class='ocrx_word' id='word_1_37' title='bbox 253 1106 377 1204; x_wconf 79' lang='grc' dir='ltr'>’Άγρας</span> <span class='ocrx_word' id='word_1_38' title='bbox 398 1118 485 1183; x_wconf 86' lang='lat' dir='ltr'><strong>enim</strong></span> <span class='ocrx_word' id='word_1_39' title='bbox 506 1120 547 1185; x_wconf 89' lang='lat' dir='ltr'><strong>ad</strong></span> <span class='ocrx_word' id='word_1_40' title='bbox 571 1119 749 1187; x_wconf 72' lang='lat' dir='ltr'><strong>Pentheum</strong></span> <span class='ocrx_word' id='word_1_41' title='bbox 771 1129 913 1210; x_wconf 83' lang='lat' dir='ltr'><strong>spectat,</strong></span> <span class='ocrx_word' id='word_1_42' title='bbox 944 1147 1037 1212; x_wconf 89' lang='lat' dir='ltr'><strong>quem</strong></span> <span class='ocrx_word' id='word_1_43' title='bbox 1060 1128 1174 1212; x_wconf 78' lang='lat' dir='ltr'><strong>Agave</strong></span> <span class='ocrx_word' id='word_1_44' title='bbox 1196 1136 1233 1196; x_wconf 90' lang='lat' dir='ltr'><strong>ut</strong></span> <span class='ocrx_word' id='word_1_45' title='bbox 1262 1132 1388 1199; x_wconf 89' lang='lat' dir='ltr'><strong>leonem</strong></span> 
     </span>
     <span class='ocr_line' id='line_1_8' title="bbox 175 1233 1388 1334; baseline 0.018 -41"><span class='ocrx_word' id='word_1_46' title='bbox 175 1235 297 1296; x_wconf 86' lang='lat' dir='ltr'><strong>venata</strong></span> <span class='ocrx_word' id='word_1_47' title='bbox 323 1233 543 1300; x_wconf 83' lang='lat' dir='ltr'><strong>interiecerat.</strong></span> <span class='ocrx_word' id='word_1_48' title='bbox 587 1235 745 1304; x_wconf 80' lang='lat' dir='ltr'><strong>Similiter</strong></span> <span class='ocrx_word' id='word_1_49' title='bbox 775 1239 811 1304; x_wconf 89' lang='lat' dir='ltr'><strong>in</strong></span> <span class='ocrx_word' id='word_1_50' title='bbox 843 1259 873 1306; x_wconf 83' lang='grc' dir='ltr'><strong>ν.</strong></span> <span class='ocrx_word' id='word_1_51' title='bbox 906 1241 971 1310; x_wconf 79' lang='grc'><strong>423</strong></span> <span class='ocrx_word' id='word_1_52' title='bbox 1002 1245 1089 1310; x_wconf 82' lang='lat' dir='ltr'><strong>servi</strong></span> <span class='ocrx_word' id='word_1_53' title='bbox 1118 1245 1161 1328; x_wconf 75' lang='lat' dir='ltr'><strong>ad</strong></span> <span class='ocrx_word' id='word_1_54' title='bbox 1195 1249 1388 1334; x_wconf 78' lang='lat' dir='ltr'><strong>sapiendum</strong></span> 
     </span>
     <span class='ocr_line' id='line_1_9' title="bbox 175 1345 510 1434; baseline 0.006 -22"><span class='ocrx_word' id='word_1_55' title='bbox 175 1345 356 1434; x_wconf 79' lang='lat' dir='ltr'><strong>Dionysum</strong></span> <span class='ocrx_word' id='word_1_56' title='bbox 378 1349 510 1418; x_wconf 79' lang='lat' dir='ltr'><strong>emissi:</strong></span> 
     </span>
    </p>
   </div>
   <div class='ocr_carea' id='block_1_6' title="bbox 262 1497 1237 1602">
    <p class='ocr_par' dir='ltr' id='par_1_6' title="bbox 262 1497 1237 1602">
     <span class='ocr_line' id='line_1_10' title="bbox 262 1497 1237 1602; baseline 0.022 -42"><span class='ocrx_word' id='word_1_57' title='bbox 262 1497 409 1572; x_wconf 72' lang='grc' dir='ltr'><em>Πενθεῦ,</em></span> <span class='ocrx_word' id='word_1_58' title='bbox 431 1502 570 1589; x_wconf 83' lang='lat' dir='ltr'><strong>inqluui,</strong></span> <span class='ocrx_word' id='word_1_59' title='bbox 592 1503 760 1598; x_wconf 74' lang='grc' dir='ltr'><strong>πάρεσμεν</strong></span> <span class='ocrx_word' id='word_1_60' title='bbox 782 1507 875 1595; x_wconf 80' lang='grc' dir='ltr'><em>τήνδ’</em></span> <span class='ocrx_word' id='word_1_61' title='bbox 896 1505 1003 1600; x_wconf 69' lang='grc' dir='ltr'>ἄγραν</span> <span class='ocrx_word' id='word_1_62' title='bbox 1025 1507 1237 1602; x_wconf 72' lang='grc' dir='ltr'><strong>ἠγρευκότες.</strong></span> 
     </span>
    </p>
   </div>
   <div class='ocr_carea' id='block_1_7' title="bbox 175 1650 1400 2239">
    <p class='ocr_par' dir='ltr' id='par_1_7' title="bbox 175 1650 1400 2239">
     <span class='ocr_line' id='line_1_11' title="bbox 259 1650 1389 1754; baseline 0.015 -38"><span class='ocrx_word' id='word_1_63' title='bbox 259 1650 368 1737; x_wconf 86' lang='lat' dir='ltr'><strong>Atque</strong></span> <span class='ocrx_word' id='word_1_64' title='bbox 390 1654 431 1720; x_wconf 90' lang='lat' dir='ltr'><strong>de</strong></span> <span class='ocrx_word' id='word_1_65' title='bbox 453 1655 524 1741; x_wconf 90' lang='lat' dir='ltr'><strong>ipso</strong></span> <span class='ocrx_word' id='word_1_66' title='bbox 547 1655 690 1724; x_wconf 88' lang='lat' dir='ltr'><strong>Pentheo</strong></span> <span class='ocrx_word' id='word_1_67' title='bbox 713 1659 826 1740; x_wconf 81' lang='lat' dir='ltr'><strong>Agave</strong></span> <span class='ocrx_word' id='word_1_68' title='bbox 849 1681 879 1726; x_wconf 82' lang='lat' dir='ltr'><strong>v.</strong></span> <span class='ocrx_word' id='word_1_69' title='bbox 903 1661 1002 1728; x_wconf 83' lang='lat'>1096:</span> <span class='ocrx_word' id='word_1_70' title='bbox 1035 1660 1201 1746; x_wconf 73' lang='grc' dir='ltr'><strong>λάβεσθε,</strong></span> <span class='ocrx_word' id='word_1_71' title='bbox 1222 1667 1389 1754; x_wconf 66' lang='grc' dir='ltr'><strong>μαινάδες,</strong></span> 
     </span>
     <span class='ocr_line' id='line_1_12' title="bbox 176 1760 1400 1860; baseline 0.02 -32"><span class='ocrx_word' id='word_1_72' title='bbox 176 1760 236 1829; x_wconf 80' lang='grc' dir='ltr'><strong>τὸν</strong></span> <span class='ocrx_word' id='word_1_73' title='bbox 258 1764 419 1857; x_wconf 73' lang='grc' dir='ltr'><em>ἀμβάτην</em></span> <span class='ocrx_word' id='word_1_74' title='bbox 442 1769 520 1860; x_wconf 72' lang='grc' dir='ltr'>θῆρ’</span> <span class='ocrx_word' id='word_1_75' title='bbox 542 1766 582 1852; x_wconf 78' lang='grc' dir='ltr'><strong>ὡς</strong></span> <span class='ocrx_word' id='word_1_76' title='bbox 603 1767 742 1859; x_wconf 78' lang='grc' dir='ltr'><em>ἕλωμεν,</em></span> <span class='ocrx_word' id='word_1_77' title='bbox 1396 1851 1400 1858; x_wconf 83' lang='grc'><strong>,</strong></span> 
     </span>
     <span class='ocr_line' id='line_1_13' title="bbox 175 1899 1390 2006; baseline 0.019 -42"><span class='ocrx_word' id='word_1_78' title='bbox 175 1905 210 1964; x_wconf 83' lang='lat' dir='ltr'><strong>et</strong></span> <span class='ocrx_word' id='word_1_79' title='bbox 230 1899 264 1965; x_wconf 92' lang='lat' dir='ltr'><strong>in</strong></span> <span class='ocrx_word' id='word_1_80' title='bbox 286 1921 316 1966; x_wconf 85' lang='lat' dir='ltr'><strong>v.</strong></span> <span class='ocrx_word' id='word_1_81' title='bbox 340 1903 438 1970; x_wconf 84' lang='lat'>1133:</span> <span class='ocrx_word' id='word_1_82' title='bbox 462 1907 571 1994; x_wconf 79' lang='grc' dir='ltr'>χωρεῖ</span> <span class='ocrx_word' id='word_1_83' title='bbox 591 1905 626 1970; x_wconf 79' lang='grc' dir='ltr'><strong>δὲ</strong></span> <span class='ocrx_word' id='word_1_84' title='bbox 646 1909 740 1996; x_wconf 72' lang='grc' dir='ltr'><strong>θήρᾳ</strong></span> <span class='ocrx_word' id='word_1_85' title='bbox 763 1908 948 1999; x_wconf 75' lang='grc' dir='ltr'><strong><em>δυσπότμῳ</em></strong></span> <span class='ocrx_word' id='word_1_86' title='bbox 971 1917 1233 2006; x_wconf 75' lang='grc' dir='ltr'>γαυρουμένγ-</span> <span class='ocrx_word' id='word_1_87' title='bbox 1246 1955 1288 1970; x_wconf 91' lang='lat'><em>-</em></span> <span class='ocrx_word' id='word_1_88' title='bbox 1309 1921 1390 1986; x_wconf 77' lang='grc' dir='ltr'>ἄνα·</span> 
     </span>
     <span class='ocr_line' id='line_1_14' title="bbox 176 2013 1389 2128; baseline 0.021 -51"><span class='ocrx_word' id='word_1_89' title='bbox 176 2013 329 2082; x_wconf 82' lang='grc' dir='ltr'>καλοῦσα</span> <span class='ocrx_word' id='word_1_90' title='bbox 354 2018 511 2108; x_wconf 74' lang='grc' dir='ltr'><strong>Βάκχιον</strong></span> <span class='ocrx_word' id='word_1_91' title='bbox 533 2018 592 2087; x_wconf 83' lang='grc' dir='ltr'><strong>τὸν</strong></span> <span class='ocrx_word' id='word_1_92' title='bbox 615 2020 823 2114; x_wconf 63' lang='grc' dir='ltr'><strong>ξυνεργάτην</strong></span> <span class='ocrx_word' id='word_1_93' title='bbox 846 2023 959 2117; x_wconf 69' lang='grc' dir='ltr'>ἄγρας,</span> <span class='ocrx_word' id='word_1_94' title='bbox 992 2031 1044 2097; x_wconf 86' lang='lat' dir='ltr'><strong>vel</strong></span> <span class='ocrx_word' id='word_1_95' title='bbox 1068 2033 1149 2099; x_wconf 79' lang='lat'>1158</span> <span class='ocrx_word' id='word_1_96' title='bbox 1170 2053 1219 2120; x_wconf 89' lang='lat' dir='ltr'><strong>sq.</strong></span> <span class='ocrx_word' id='word_1_97' title='bbox 1243 2035 1389 2128; x_wconf 75' lang='grc' dir='ltr'><em>φέρομεν</em></span> 
     </span>
     <span class='ocr_line' id='line_1_15' title="bbox 175 2121 1387 2239; baseline 0.018 -42"><span class='ocrx_word' id='word_1_98' title='bbox 175 2129 214 2214; x_wconf 77' lang='grc' dir='ltr'><strong>ἐξ</strong></span> <span class='ocrx_word' id='word_1_99' title='bbox 238 2121 327 2222; x_wconf 74' lang='grc' dir='ltr'>ὄρεος</span> <span class='ocrx_word' id='word_1_100' title='bbox 347 2171 389 2186; x_wconf 90' lang='lat'><em>-</em></span> <span class='ocrx_word' id='word_1_101' title='bbox 410 2135 578 2227; x_wconf 78' lang='grc' dir='ltr'>μακάριον</span> <span class='ocrx_word' id='word_1_102' title='bbox 600 2141 724 2229; x_wconf 72' lang='grc' dir='ltr'>θήραν,</span> <span class='ocrx_word' id='word_1_103' title='bbox 747 2148 781 2208; x_wconf 83' lang='lat' dir='ltr'><strong>et</strong></span> <span class='ocrx_word' id='word_1_104' title='bbox 803 2144 882 2210; x_wconf 76' lang='lat'>1171</span> <span class='ocrx_word' id='word_1_105' title='bbox 909 2137 1058 2234; x_wconf 77' lang='grc' dir='ltr'><strong>εὐτυχὴς</strong></span> <span class='ocrx_word' id='word_1_106' title='bbox 1081 2143 1132 2212; x_wconf 75' lang='lat' dir='ltr'><strong>t‘t’</strong></span> <span class='ocrx_word' id='word_1_107' title='bbox 1155 2141 1254 2239; x_wconf 66' lang='grc' dir='ltr'>ἄγρα.</span> <span class='ocrx_word' id='word_1_108' title='bbox 1362 2181 1387 2219; x_wconf 73' lang='lat'><strong>0.</strong></span> 
     </span>
    </p>
   </div>
   <div class='ocr_carea' id='block_1_8' title="bbox 173 2299 1390 2517">
    <p class='ocr_par' dir='ltr' id='par_1_8' title="bbox 173 2299 1390 2517">
     <span class='ocr_line' id='line_1_16' title="bbox 258 2299 1390 2392; baseline 0.014 -22"><span class='ocrx_word' id='word_1_109' title='bbox 258 2299 404 2372; x_wconf 89' lang='lat' dir='ltr'><strong>Dorismi</strong></span> <span class='ocrx_word' id='word_1_110' title='bbox 426 2303 583 2373; x_wconf 72' lang='lat' dir='ltr'><strong>involvis</strong></span> <span class='ocrx_word' id='word_1_111' title='bbox 606 2309 697 2392; x_wconf 81' lang='lat' dir='ltr'><strong>origo</strong></span> <span class='ocrx_word' id='word_1_112' title='bbox 720 2329 806 2376; x_wconf 90' lang='lat' dir='ltr'><strong>nuno</strong></span> <span class='ocrx_word' id='word_1_113' title='bbox 827 2315 1004 2380; x_wconf 88' lang='lat' dir='ltr'><strong>manifesta</strong></span> <span class='ocrx_word' id='word_1_114' title='bbox 1032 2318 1092 2381; x_wconf 90' lang='lat' dir='ltr'><strong>est.</strong></span> <span class='ocrx_word' id='word_1_115' title='bbox 1136 2313 1310 2384; x_wconf 85' lang='lat' dir='ltr'><strong>Translata</strong></span> <span class='ocrx_word' id='word_1_116' title='bbox 1339 2327 1390 2387; x_wconf 85' lang='lat' dir='ltr'><strong>est</strong></span> 
     </span>
     <span class='ocr_line' id='line_1_17' title="bbox 173 2421 1294 2517; baseline 0.012 -29"><span class='ocrx_word' id='word_1_117' title='bbox 173 2423 207 2488; x_wconf 89' lang='lat' dir='ltr'><strong>in</strong></span> <span class='ocrx_word' id='word_1_118' title='bbox 229 2421 312 2488; x_wconf 92' lang='lat' dir='ltr'><strong>illud</strong></span> <span class='ocrx_word' id='word_1_119' title='bbox 335 2449 356 2487; x_wconf 93' lang='grc' dir='ltr'>α</span> <span class='ocrx_word' id='word_1_120' title='bbox 378 2424 511 2510; x_wconf 82' lang='lat' dir='ltr'><strong>vocalis,</strong></span> <span class='ocrx_word' id='word_1_121' title='bbox 535 2427 622 2511; x_wconf 90' lang='lat' dir='ltr'><strong>quod</strong></span> <span class='ocrx_word' id='word_1_122' title='bbox 642 2427 678 2492; x_wconf 91' lang='lat' dir='ltr'><strong>in</strong></span> <span class='ocrx_word' id='word_1_123' title='bbox 701 2423 807 2517; x_wconf 76' lang='grc' dir='ltr'>ἄγρας</span> <span class='ocrx_word' id='word_1_124' title='bbox 827 2434 861 2495; x_wconf 88' lang='lat' dir='ltr'><strong>et</strong></span> <span class='ocrx_word' id='word_1_125' title='bbox 883 2432 995 2495; x_wconf 80' lang='grc' dir='ltr'><strong>αἰκίαν</strong></span> <span class='ocrx_word' id='word_1_126' title='bbox 1018 2437 1069 2498; x_wconf 88' lang='lat' dir='ltr'><strong>ter</strong></span> <span class='ocrx_word' id='word_1_127' title='bbox 1090 2432 1294 2502; x_wconf 77' lang='lat' dir='ltr'><strong>audiebatur.</strong></span> 
     </span>
    </p>
   </div>
   <div class='ocr_carea' id='block_1_9' title="bbox 172 2572 1390 3262">
    <p class='ocr_par' dir='ltr' id='par_1_9' title="bbox 172 2572 1390 3262">
     <span class='ocr_line' id='line_1_18' title="bbox 258 2572 1389 2676; baseline 0.015 -38"><span class='ocrx_word' id='word_1_128' title='bbox 258 2572 498 2676; x_wconf 51' lang='lat' dir='ltr'><strong>RQ</strong></span> <span class='ocrx_word' id='word_1_129' title='bbox 537 2577 664 2646; x_wconf 85' lang='lat' dir='ltr'><strong>Versus</strong></span> <span class='ocrx_word' id='word_1_130' title='bbox 685 2589 761 2645; x_wconf 87' lang='lat' dir='ltr'><strong>sunt</strong></span> <span class='ocrx_word' id='word_1_131' title='bbox 782 2580 967 2662; x_wconf 81' lang='lat' dir='ltr'><strong>vigiliarum</strong></span> <span class='ocrx_word' id='word_1_132' title='bbox 997 2584 1135 2668; x_wconf 88' lang='lat' dir='ltr'><strong>partim,</strong></span> <span class='ocrx_word' id='word_1_133' title='bbox 1180 2587 1301 2670; x_wconf 88' lang='lat' dir='ltr'><strong>partim</strong></span> <span class='ocrx_word' id='word_1_134' title='bbox 1323 2587 1389 2656; x_wconf 91' lang='lat' dir='ltr'><strong>He·</strong></span> 
     </span>
     <span class='ocr_line' id='line_1_19' title="bbox 174 2689 1390 2791; baseline 0.01 -35"><span class='ocrx_word' id='word_1_135' title='bbox 174 2692 284 2758; x_wconf 85' lang='lat' dir='ltr'><strong>oloris.</strong></span> <span class='ocrx_word' id='word_1_136' title='bbox 306 2689 387 2756; x_wconf 88' lang='lat' dir='ltr'><strong>Illae</strong></span> <span class='ocrx_word' id='word_1_137' title='bbox 408 2711 474 2759; x_wconf 89' lang='lat' dir='ltr'><strong>non</strong></span> <span class='ocrx_word' id='word_1_138' title='bbox 495 2693 561 2760; x_wconf 89' lang='lat' dir='ltr'><strong>nisi</strong></span> <span class='ocrx_word' id='word_1_139' title='bbox 582 2696 692 2763; x_wconf 86' lang='lat' dir='ltr'><strong>atticis</strong></span> <span class='ocrx_word' id='word_1_140' title='bbox 715 2695 831 2762; x_wconf 86' lang='lat' dir='ltr'><strong>formis</strong></span> <span class='ocrx_word' id='word_1_141' title='bbox 854 2703 998 2777; x_wconf 86' lang='lat' dir='ltr'><strong>utuntur,</strong></span> <span class='ocrx_word' id='word_1_142' title='bbox 1021 2697 1182 2784; x_wconf 76' lang='grc' dir='ltr'>φυλακήν</span> <span class='ocrx_word' id='word_1_143' title='bbox 1192 2721 1222 2766; x_wconf 86' lang='lat' dir='ltr'><strong>v.</strong></span> <span class='ocrx_word' id='word_1_144' title='bbox 1231 2703 1261 2779; x_wconf 84' lang='lat'><strong>6,</strong></span> <span class='ocrx_word' id='word_1_145' title='bbox 1283 2699 1390 2791; x_wconf 61' lang='lat' dir='ltr'><strong>volsar</strong></span> 
     </span>
     <span class='ocr_line' id='line_1_20' title="bbox 173 2806 1388 2904; baseline 0.007 -24"><span class='ocrx_word' id='word_1_146' title='bbox 173 2839 201 2884; x_wconf 84' lang='lat' dir='ltr'><strong>v.</strong></span> <span class='ocrx_word' id='word_1_147' title='bbox 227 2808 255 2890; x_wconf 79' lang='grc'><strong>7,</strong></span> <span class='ocrx_word' id='word_1_148' title='bbox 278 2815 436 2901; x_wconf 78' lang='grc' dir='ltr'><strong>κεφαλήν</strong></span> <span class='ocrx_word' id='word_1_149' title='bbox 459 2838 488 2882; x_wconf 88' lang='grc' dir='ltr'><strong>ν.</strong></span> <span class='ocrx_word' id='word_1_150' title='bbox 511 2819 542 2900; x_wconf 88' lang='grc'><strong>8,</strong></span> <span class='ocrx_word' id='word_1_151' title='bbox 565 2819 683 2904; x_wconf 90' lang='lat' dir='ltr'><strong>quibus</strong></span> <span class='ocrx_word' id='word_1_152' title='bbox 703 2820 793 2897; x_wconf 76' lang='grc' dir='ltr'><strong>βᾶθι</strong></span> <span class='ocrx_word' id='word_1_153' title='bbox 817 2838 846 2881; x_wconf 82' lang='lat' dir='ltr'><strong>r.</strong></span> <span class='ocrx_word' id='word_1_154' title='bbox 871 2819 887 2882; x_wconf 89' lang='lat'><strong>1</strong></span> <span class='ocrx_word' id='word_1_155' title='bbox 911 2841 975 2886; x_wconf 90' lang='lat' dir='ltr'><strong>non</strong></span> <span class='ocrx_word' id='word_1_156' title='bbox 999 2806 1113 2887; x_wconf 91' lang='lat' dir='ltr'><strong>obesse</strong></span> <span class='ocrx_word' id='word_1_157' title='bbox 1135 2840 1165 2882; x_wconf 87' lang='lat' dir='ltr'><strong>v.</strong></span> <span class='ocrx_word' id='word_1_158' title='bbox 1179 2836 1234 2904; x_wconf 77' lang='lat' dir='ltr'><strong>pg.</strong></span> <span class='ocrx_word' id='word_1_159' title='bbox 1248 2824 1301 2898; x_wconf 80' lang='lat'><strong>223</strong></span> <span class='ocrx_word' id='word_1_160' title='bbox 1322 2819 1388 2888; x_wconf 88' lang='lat' dir='ltr'><strong>He-</strong></span> 
     </span>
     <span class='ocr_line' id='line_1_21' title="bbox 173 2925 1388 3027; baseline 0.006 -27"><span class='ocrx_word' id='word_1_161' title='bbox 173 2925 274 3002; x_wconf 68' lang='lat' dir='ltr'><strong>ctoris</strong></span> <span class='ocrx_word' id='word_1_162' title='bbox 296 2937 427 3004; x_wconf 76' lang='lat' dir='ltr'><strong>doricae</strong></span> <span class='ocrx_word' id='word_1_163' title='bbox 449 2943 536 3020; x_wconf 83' lang='lat' dir='ltr'><strong>suni,</strong></span> <span class='ocrx_word' id='word_1_164' title='bbox 559 2937 722 3027; x_wconf 75' lang='grc' dir='ltr'><strong>ἁμετέρας</strong></span> <span class='ocrx_word' id='word_1_165' title='bbox 742 2958 772 3003; x_wconf 86' lang='lat' dir='ltr'><strong>v.</strong></span> <span class='ocrx_word' id='word_1_166' title='bbox 798 2939 851 3016; x_wconf 54' lang='lat'><strong>135</strong></span> <span class='ocrx_word' id='word_1_167' title='bbox 871 2939 988 3005; x_wconf 73' lang='grc' dir='ltr'>κοίταν</span> <span class='ocrx_word' id='word_1_168' title='bbox 1012 2960 1040 3004; x_wconf 90' lang='lat' dir='ltr'><strong>v.</strong></span> <span class='ocrx_word' id='word_1_169' title='bbox 1063 2939 1117 3017; x_wconf 83' lang='grc'><strong>22;</strong></span> <span class='ocrx_word' id='word_1_170' title='bbox 1137 2958 1158 3004; x_wconf 83' lang='lat' dir='ltr'><strong>a</strong></span> <span class='ocrx_word' id='word_1_171' title='bbox 1179 2942 1270 3027; x_wconf 75' lang='grc' dir='ltr'>σῆμα</span> <span class='ocrx_word' id='word_1_172' title='bbox 1294 2960 1324 3006; x_wconf 81' lang='lat' dir='ltr'><strong>v.</strong></span> <span class='ocrx_word' id='word_1_173' title='bbox 1348 2942 1388 3007; x_wconf 78' lang='grc'><strong>12</strong></span> 
     </span>
     <span class='ocr_line' id='line_1_22' title="bbox 173 3055 1387 3142; baseline 0.006 -24"><span class='ocrx_word' id='word_1_174' title='bbox 173 3065 206 3119; x_wconf 86' lang='lat' dir='ltr'><strong>et</strong></span> <span class='ocrx_word' id='word_1_175' title='bbox 237 3057 439 3142; x_wconf 71' lang='grc' dir='ltr'>νυκτηγορία</span> <span class='ocrx_word' id='word_1_176' title='bbox 471 3055 611 3122; x_wconf 87' lang='lat' dir='ltr'><strong>alienum</strong></span> <span class='ocrx_word' id='word_1_177' title='bbox 643 3076 715 3123; x_wconf 81' lang='lat' dir='ltr'><strong>esse</strong></span> <span class='ocrx_word' id='word_1_178' title='bbox 747 3056 926 3121; x_wconf 86' lang='lat' dir='ltr'><strong>dorismum</strong></span> <span class='ocrx_word' id='word_1_179' title='bbox 950 3077 980 3121; x_wconf 82' lang='lat' dir='ltr'><strong>v.</strong></span> <span class='ocrx_word' id='word_1_180' title='bbox 1011 3075 1066 3140; x_wconf 79' lang='lat' dir='ltr'><strong>pg.</strong></span> <span class='ocrx_word' id='word_1_181' title='bbox 1087 3056 1130 3121; x_wconf 83' lang='grc'><strong>20</strong></span> <span class='ocrx_word' id='word_1_182' title='bbox 1151 3061 1185 3123; x_wconf 79' lang='lat' dir='ltr'><strong>ei</strong></span> <span class='ocrx_word' id='word_1_183' title='bbox 1204 3056 1256 3122; x_wconf 79' lang='lat'><strong>24.</strong></span> <span class='ocrx_word' id='word_1_184' title='bbox 1302 3055 1387 3125; x_wconf 80' lang='lat' dir='ltr'><strong>Male</strong></span> 
     </span>
     <span class='ocr_line' id='line_1_23' title="bbox 172 3171 1387 3262; baseline 0.002 -25"><span class='ocrx_word' id='word_1_185' title='bbox 172 3174 250 3240; x_wconf 83' lang='lat' dir='ltr'><strong>feeit</strong></span> <span class='ocrx_word' id='word_1_186' title='bbox 272 3173 470 3254; x_wconf 80' lang='lat' dir='ltr'><strong>Diodorfius,</strong></span> <span class='ocrx_word' id='word_1_187' title='bbox 499 3171 586 3262; x_wconf 85' lang='lat' dir='ltr'><strong>quod</strong></span> <span class='ocrx_word' id='word_1_188' title='bbox 613 3172 746 3239; x_wconf 84' lang='lat' dir='ltr'><strong>Hectori</strong></span> <span class='ocrx_word' id='word_1_189' title='bbox 781 3193 907 3261; x_wconf 90' lang='lat' dir='ltr'><strong>quoque</strong></span> <span class='ocrx_word' id='word_1_190' title='bbox 939 3174 1057 3238; x_wconf 85' lang='lat' dir='ltr'><strong>atticas</strong></span> <span class='ocrx_word' id='word_1_191' title='bbox 1079 3173 1202 3239; x_wconf 82' lang='lat' dir='ltr'><strong>formas</strong></span> <span class='ocrx_word' id='word_1_192' title='bbox 1232 3173 1387 3255; x_wconf 88' lang='lat' dir='ltr'><strong>reddidit,</strong></span> 
     </span>
    </p>
   </div>
   <div class='ocr_carea' id='block_1_10' title="bbox 172 3289 1485 3376">
    <p class='ocr_par' dir='ltr' id='par_1_10' title="bbox 172 3289 1485 3376">
     <span class='ocr_line' id='line_1_24' title="bbox 172 3289 1485 3376; baseline 0.005 -20"><span class='ocrx_word' id='word_1_193' title='bbox 172 3310 275 3376; x_wconf 89' lang='lat' dir='ltr'><strong>neque</strong></span> <span class='ocrx_word' id='word_1_194' title='bbox 297 3311 370 3357; x_wconf 91' lang='lat' dir='ltr'><strong>eum</strong></span> <span class='ocrx_word' id='word_1_195' title='bbox 392 3291 513 3359; x_wconf 87' lang='lat' dir='ltr'><strong>imitari</strong></span> <span class='ocrx_word' id='word_1_196' title='bbox 536 3290 676 3357; x_wconf 89' lang='lat' dir='ltr'><strong>debebat</strong></span> <span class='ocrx_word' id='word_1_197' title='bbox 702 3290 882 3358; x_wconf 87' lang='lat' dir='ltr'><strong>Nauokius.</strong></span> <span class='ocrx_word' id='word_1_198' title='bbox 926 3291 1005 3358; x_wconf 88' lang='lat' dir='ltr'><strong>Cum</strong></span> <span class='ocrx_word' id='word_1_199' title='bbox 1035 3291 1120 3356; x_wconf 90' lang='lat' dir='ltr'><strong>enim</strong></span> <span class='ocrx_word' id='word_1_200' title='bbox 1154 3289 1244 3356; x_wconf 86' lang='lat' dir='ltr'><strong>ebori</strong></span> <span class='ocrx_word' id='word_1_201' title='bbox 1271 3292 1388 3375; x_wconf 90' lang='lat' dir='ltr'><strong>oratio,</strong></span> <span class='ocrx_word' id='word_1_202' title='bbox 1482 3355 1485 3362; x_wconf 86' lang='lat'>.</span> 
     </span>
    </p>
   </div>
   <div class='ocr_carea' id='block_1_11' title="bbox 170 3399 1408 3848">
    <p class='ocr_par' dir='ltr' id='par_1_11' title="bbox 170 3399 1408 3848">
     <span class='ocr_line' id='line_1_25' title="bbox 171 3399 1408 3496; baseline 0.001 -22"><span class='ocrx_word' id='word_1_203' title='bbox 171 3411 225 3495; x_wconf 90' lang='lat' dir='ltr'><strong>qui</strong></span> <span class='ocrx_word' id='word_1_204' title='bbox 248 3409 327 3476; x_wconf 90' lang='lat' dir='ltr'><strong>nibil</strong></span> <span class='ocrx_word' id='word_1_205' title='bbox 349 3409 555 3486; x_wconf 80' lang='lat' dir='ltr'><strong>extimescat,</strong></span> <span class='ocrx_word' id='word_1_206' title='bbox 576 3407 733 3495; x_wconf 90' lang='lat' dir='ltr'><strong>traquilla</strong></span> <span class='ocrx_word' id='word_1_207' title='bbox 753 3409 800 3496; x_wconf 31' lang='lat' dir='ltr'><strong>sit,</strong></span> <span class='ocrx_word' id='word_1_208' title='bbox 817 3415 914 3495; x_wconf 90' lang='lat' dir='ltr'><strong>atque</strong></span> <span class='ocrx_word' id='word_1_209' title='bbox 935 3409 1072 3484; x_wconf 88' lang='lat' dir='ltr'><strong>sedata,</strong></span> <span class='ocrx_word' id='word_1_210' title='bbox 1093 3405 1214 3474; x_wconf 89' lang='lat' dir='ltr'><strong>Heotor</strong></span> <span class='ocrx_word' id='word_1_211' title='bbox 1236 3427 1253 3474; x_wconf 89' lang='lat' dir='ltr'><strong>e</strong></span> <span class='ocrx_word' id='word_1_212' title='bbox 1275 3399 1408 3475; x_wconf 74' lang='lat' dir='ltr'><strong>somno¹</strong></span> 
     </span>
     <span class='ocr_line' id='line_1_26' title="bbox 170 3525 1390 3613; baseline 0.004 -24"><span class='ocrx_word' id='word_1_213' title='bbox 170 3527 420 3612; x_wconf 80' lang='lat' dir='ltr'><strong>expergefaetus</strong></span> <span class='ocrx_word' id='word_1_214' title='bbox 459 3526 667 3596; x_wconf 87' lang='lat' dir='ltr'><strong>vehementer</strong></span> <span class='ocrx_word' id='word_1_215' title='bbox 702 3526 923 3613; x_wconf 88' lang='lat' dir='ltr'><strong>perturbatur.</strong></span> <span class='ocrx_word' id='word_1_216' title='bbox 976 3525 1091 3612; x_wconf 87' lang='lat' dir='ltr'><strong>ltaque</strong></span> <span class='ocrx_word' id='word_1_217' title='bbox 1127 3531 1223 3611; x_wconf 90' lang='lat' dir='ltr'><strong>poeta</strong></span> <span class='ocrx_word' id='word_1_218' title='bbox 1254 3545 1326 3591; x_wconf 86' lang='lat' dir='ltr'><strong>eum</strong></span> <span class='ocrx_word' id='word_1_219' title='bbox 1352 3535 1390 3594; x_wconf 85' lang='lat' dir='ltr'><strong>et</strong></span> 
     </span>
     <span class='ocr_line' id='line_1_27' title="bbox 170 3643 1390 3730; baseline 0.004 -24"><span class='ocrx_word' id='word_1_220' title='bbox 170 3643 343 3710; x_wconf 78' lang='lat' dir='ltr'><strong>excitatius</strong></span> <span class='ocrx_word' id='word_1_221' title='bbox 366 3643 550 3730; x_wconf 86' lang='lat' dir='ltr'><strong>loquentem</strong></span> <span class='ocrx_word' id='word_1_222' title='bbox 573 3645 653 3710; x_wconf 81' lang='lat' dir='ltr'><strong>iacit</strong></span> <span class='ocrx_word' id='word_1_223' title='bbox 675 3646 708 3710; x_wconf 91' lang='lat' dir='ltr'><strong>et</strong></span> <span class='ocrx_word' id='word_1_224' title='bbox 743 3643 857 3708; x_wconf 86' lang='lat' dir='ltr'><strong>dorica</strong></span> <span class='ocrx_word' id='word_1_225' title='bbox 887 3643 1027 3709; x_wconf 88' lang='lat' dir='ltr'><strong>dialecto</strong></span> <span class='ocrx_word' id='word_1_226' title='bbox 1059 3648 1212 3710; x_wconf 88' lang='lat' dir='ltr'><strong>utentem.</strong></span> <span class='ocrx_word' id='word_1_227' title='bbox 1257 3643 1390 3729; x_wconf 89' lang='lat' dir='ltr'><strong>Optime</strong></span> 
     </span>
     <span class='ocr_line' id='line_1_28' title="bbox 173 3759 1389 3848; baseline 0.002 -24"><span class='ocrx_word' id='word_1_228' title='bbox 173 3767 280 3826; x_wconf 84' lang='lat' dir='ltr'><strong>sutem</strong></span> <span class='ocrx_word' id='word_1_229' title='bbox 303 3759 457 3828; x_wconf 85' lang='lat' dir='ltr'><strong>Hectoris</strong></span> <span class='ocrx_word' id='word_1_230' title='bbox 479 3759 656 3848; x_wconf 87' lang='lat' dir='ltr'><strong>trepidatio</strong></span> <span class='ocrx_word' id='word_1_231' title='bbox 681 3781 698 3826; x_wconf 88' lang='lat' dir='ltr'><strong>e</strong></span> <span class='ocrx_word' id='word_1_232' title='bbox 720 3759 836 3846; x_wconf 80' lang='lat' dir='ltr'><strong>primis</strong></span> <span class='ocrx_word' id='word_1_233' title='bbox 860 3761 971 3825; x_wconf 87' lang='lat' dir='ltr'><strong>statim</strong></span> <span class='ocrx_word' id='word_1_234' title='bbox 995 3760 1144 3827; x_wconf 83' lang='lat' dir='ltr'><strong>versibus</strong></span> <span class='ocrx_word' id='word_1_235' title='bbox 1167 3761 1389 3844; x_wconf 81' lang='lat' dir='ltr'><strong>cognoscitur:</strong></span> 
     </span>
    </p>
   </div>
   <div class='ocr_carea' id='block_1_12' title="bbox 435 3935 1115 4388">
    <p class='ocr_par' dir='ltr' id='par_1_12' title="bbox 435 3935 1115 4153">
     <span class='ocr_line' id='line_1_29' title="bbox 435 3935 1115 4036; baseline -0.001 -25"><span class='ocrx_word' id='word_1_236' title='bbox 435 3947 484 4027; x_wconf 81' lang='grc' dir='ltr'><strong>τίς</strong></span> <span class='ocrx_word' id='word_1_237' title='bbox 505 3942 564 4024; x_wconf 64' lang='lat' dir='ltr'><strong>tit</strong></span> <span class='ocrx_word' id='word_1_238' title='bbox 586 3935 607 4036; x_wconf 68' lang='lat' dir='ltr'><strong>’l</strong></span> <span class='ocrx_word' id='word_1_239' title='bbox 631 3945 746 4030; x_wconf 78' lang='grc' dir='ltr'>φίλιος</span> <span class='ocrx_word' id='word_1_240' title='bbox 768 3951 926 4032; x_wconf 77' lang='grc' dir='ltr'><strong>φ9ι’γγος;</strong></span> <span class='ocrx_word' id='word_1_241' title='bbox 949 3947 998 4024; x_wconf 80' lang='grc' dir='ltr'><strong>τίς</strong></span> <span class='ocrx_word' id='word_1_242' title='bbox 1021 3945 1115 4036; x_wconf 73' lang='grc' dir='ltr'><strong>ἂνήρς</strong></span> 
     </span>
     <span class='ocr_line' id='line_1_30' title="bbox 437 4059 791 4153; baseline -0.006 -25"><span class='ocrx_word' id='word_1_243' title='bbox 437 4065 471 4128; x_wconf 81' lang='grc' dir='ltr'><strong><em>τί</em></strong></span> <span class='ocrx_word' id='word_1_244' title='bbox 494 4059 534 4128; x_wconf 81' lang='grc' dir='ltr'><strong>τὸ</strong></span> <span class='ocrx_word' id='word_1_245' title='bbox 558 4066 661 4153; x_wconf 59' lang='lat' dir='ltr'><strong>“fimi</strong></span> <span class='ocrx_word' id='word_1_246' title='bbox 682 4062 791 4153; x_wconf 68' lang='grc' dir='ltr'><strong>θρόει·</strong></span> 
     </span>
    </p>

    <p class='ocr_par' dir='ltr' id='par_1_13' title="bbox 436 4177 1000 4388">
     <span class='ocr_line' id='line_1_31' title="bbox 436 4177 995 4272; baseline -0.004 -26"><span class='ocrx_word' id='word_1_247' title='bbox 436 4180 521 4260; x_wconf 78' lang='grc' dir='ltr'><em>τίνες</em></span> <span class='ocrx_word' id='word_1_248' title='bbox 542 4178 578 4246; x_wconf 79' lang='grc' dir='ltr'><strong>ἐκ</strong></span> <span class='ocrx_word' id='word_1_249' title='bbox 601 4183 730 4248; x_wconf 81' lang='grc' dir='ltr'><em>νυκτῶν</em></span> <span class='ocrx_word' id='word_1_250' title='bbox 752 4177 812 4260; x_wconf 74' lang='grc' dir='ltr'><strong>τὰς</strong></span> <span class='ocrx_word' id='word_1_251' title='bbox 833 4180 995 4272; x_wconf 77' lang='grc' dir='ltr'><strong>ἁμετέρας</strong></span> 
     </span>
     <span class='ocr_line' id='line_1_32' title="bbox 436 4297 1000 4388; baseline 0.005 -27"><span class='ocrx_word' id='word_1_252' title='bbox 436 4301 545 4378; x_wconf 75' lang='grc' dir='ltr'>κοίτας</span> <span class='ocrx_word' id='word_1_253' title='bbox 565 4297 894 4382; x_wconf 71' lang='grc' dir='ltr'><strong>πλοίθονο’ς;ἑνὲπενν</strong></span> <span class='ocrx_word' id='word_1_254' title='bbox 918 4301 1000 4388; x_wconf 70' lang='grc' dir='ltr'><strong>χρὴ.</strong></span> 
     </span>
    </p>
   </div>
   <div class='ocr_carea' id='block_1_13' title="bbox 0 0 1634 4742">
    <p class='ocr_par' dir='ltr' id='par_1_14' title="bbox 0 0 1634 4742">
     <span class='ocr_line' id='line_1_33' title="bbox 0 0 1634 4742; baseline 0 1"><span class='ocrx_word' id='word_1_255' title='bbox 0 0 1634 4742; x_wconf 95' lang='lat' dir='ltr'><strong> </strong></span> 
     </span>
    </p>
   </div>
  </div>
 </body>
</html>
