3260 4742
687 210 984 274 ..42-

226 370 401 462 ἑριυνήσας
430 377 502 446 Hel.
528 382 607 446 1137
640 381 726 460 (cod.
756 383 808 466 0):

583 494 602 563 ὁ
624 523 657 564 τι
681 495 757 578 θεὸς
780 497 799 588 ή
819 499 866 589 μὴ
891 496 967 573 θεὸς
988 536 1028 548 ·-
1051 537 1091 548 -

305 657 306 664 ν
583 619 631 697 τίς
654 617 733 706 φησ’
756 617 929 707 ἐρευνήσας
948 619 1099 708 βροτῶνη

226 727 434 818 ἐξοὸυυηθείς
456 737 512 822 Cy.
535 737 599 804 654
621 737 728 822 (codd.
752 743 840 816 Bet:

292 883 294 888 ·
531 852 668 944 τόρνου,
691 851 779 938 ἕλκε,
800 859 848 945 μή
874 858 901 920 σ’
925 853 1132 945 {iuius-4953

387 1039 394 1052 ,
532 972 632 1064 δρὸση
654 1000 688 1041 τι
711 972 868 1066 μάταιον.

225 1086 344 1175 ὀνήσας
364 1092 418 1158 Su.
441 1093 506 1160 373
528 1093 636 1180 (codd.
658 1101 753 1175 Bet:

325 1207 327 1212 ’
515 1214 543 1276 εἰ
563 1210 626 1301 γὰρ
650 1253 692 1263 -
712 1251 754 1286 7-
777 1218 839 1300 ηᾶν
865 1213 981 1295 φίλιον
1001 1209 1140 1300 Ἰνάχου

510 1329 599 1398 θεῖτ’
621 1328 747 1416 ὀνήσας.
1011 1303 1017 1314 “

224 1443 370 1534 ὁρμήσας
393 1448 473 1528 bia,
497 1451 552 1516 Or.
576 1449 676 1516 1283:

187 1570 191 1580 ’
490 1564 586 1656 τάχα
610 1593 659 1648 τις
679 1567 832 1657 Ἀργείων
856 1565 991 1648 ἔνοπλος
1013 1569 1159 1659 ὁρμήσας

498 1685 658 1777 μέλαθρα
681 1683 866 1777 προσμίξει.

306 1813 339 1872 et
360 1805 479 1874 Phoen.
499 1808 590 1874 1071:

578 1923 732 2008 Παλλὰς,
755 1921 777 1990 ὁ
801 1921 977 2014 δράκοντος
997 1923 1083 2015 αἷμα

575 2082 617 2092 -
639 2083 681 2094 -
703 2039 925 2132 κατειργὸσιν,

516 2233 518 2238 ,
575 2163 747 2254 Καδμείαν
768 2145 930 2253 μέριμναν

575 2281 737 2373 ὁρμήσασ’
760 2279 808 2348 ἐπ’
831 2277 935 2369 ἔργον.

219 2399 396 2486 πηδήσασα
421 2401 476 2468 Su.
500 2403 584 2470 1020
605 2401 714 2489 (cedd.
736 2403 811 2485 BC)
834 2401 967 2467 dubium
990 2401 1129 2480 videtur,
1151 2389 1248 2470 sicuti

220 2521 379 2603 στήσουσι
404 2519 430 2585 Ι.
451 2522 491 2587 A.
515 2523 577 2587 784
600 2520 709 2606 (codd.
731 2526 808 2592 BC).

98 2725 103 2736 ‘
302 2638 373 2705 Non
395 2639 456 2705 hue
479 2637 901 2730 pertinentirerqier'thes.
923 2642 984 2706 341
1008 2645 1043 2704 et
1066 2636 1437 2728 ἐστοημὲνος1“ιο.560.

156 2791 159 2796 ·
261 2757 345 2823 Nam
368 2759 476 2844 petius
510 2756 636 2824 ὃίνασεν
659 2759 713 2827 Or.
737 2759 818 2824 1457
849 2765 882 2826 et
911 2755 1079 2845 ἐπτοάθης
1099 2757 1124 2824 Ι.
1145 2760 1185 2825 Α.
1207 2759 1270 2826 583
1301 2770 1434 2847 praeter

259 2898 378 2943 merem
403 2877 492 2943 dieta
516 2884 602 2943 suut.
646 2879 694 2946 cf.
717 2878 757 2943 de
779 2877 828 2944 his
850 2877 964 2943 formis
988 2897 1042 2962 pg.
1066 2878 1114 2943 11.
1136 2898 1186 2964 sq.

301 2996 335 3062 Si
356 2997 457 3078 igitur
478 3003 719 3082 praetereamus
741 2995 918 3083 πηδήσασα
943 3003 975 3062 et
998 2998 1170 3082 στήσουσι,
1199 3018 1281 3084 quae
1308 3001 1435 3066 ineerta

218 3120 303 3186 suut,
328 3119 401 3180 ueto
422 3116 552 3181 tautum
573 3122 698 3182 restant
719 3115 879 3202 exempla,
903 3137 920 3182 e
943 3116 1059 3202 quibus
1088 3116 1153 3182 tria
1187 3119 1282 3183 unius
1308 3123 1331 3183 0
1357 3118 1432 3184 libri
1478 3179 1481 3186 ,

219 3235 414 3300 auctoritate
435 3235 593 3312 nituntur,
617 3241 649 3300 et
671 3234 736 3300 alia
756 3236 822 3300 tria
845 3239 878 3300 et
902 3234 927 3300 C
948 3243 980 3300 et
1002 3241 1040 3301 B.
1166 3309 1170 3318 ,

300 3352 438 3440 Reliqua
456 3355 557 3437 igitur
580 3360 655 3420 sunt
680 3349 851 3438 ἀλάληντο
876 3359 908 3419 et
931 3352 1087 3442 ὁρμήσας,
1111 3373 1191 3440 quae
1214 3358 1357 3440 petuisse
1373 3356 1430 3421 do-

214 3473 347 3538 rismum
370 3475 439 3560 pati
467 3473 585 3540 doceat
609 3481 642 3540 et
670 3473 852 3563 μέμναται
888 3473 952 3540 «El.
984 3473 1058 3552 188)
1092 3481 1188 3560 atque
1221 3473 1357 3540 πεπότα
1369 3501 1431 3564 μαι

146 3585 148 3588 ’
217 3591 373 3678 perfecta,
395 3599 427 3660 et
450 3591 596 3682 ὁρμάσω,
619 3589 760 3683 ὁρμάση.
785 3587 941 3681 ὡρμάθη,
962 3592 1039 3669 alia,
1063 3611 1144 3677 quae
1166 3612 1266 3678 supra
1289 3595 1429 3659 enotavi.
1485 3661 1489 3670 ,

214 3710 335 3777 Tamen
358 3714 528 3800 quominus
551 3714 659 3778 omnia
682 3717 854 3792 mutarem,
877 3711 957 3778 illud
980 3731 1031 3776 me
1049 3713 1215 3793 deterruit,
1236 3713 1320 3798 quod
1336 3715 1429 3800 quiu-

213 3831 304 3916 quies
326 3832 358 3896 iu
382 3832 493 3897 eadem
518 3833 745 3898 terminatione
769 3857 786 3918 η
810 3839 973 3896 servatum
1006 3835 1066 3904 est,
1090 3832 1122 3896 in
1146 3832 1320 3918 partieipia
1342 3831 1428 3898 aori-

213 3948 257 4016 sii
276 3949 292 4014 I
314 3951 423 4029 activi,
444 3952 479 4016 in
501 3945 681 4038 ἐρευνήσας,
705 3949 822 4027 ὀνήσας
837 3950 892 4016 Su.
903 3951 977 4030 3i3,
999 3950 1050 4015 bis
1066 3947 1221 4039 ὁρμήσας,
1242 3949 1431 4036 πηὸήσασα.

213 4069 366 4136 Fortasse
389 4071 473 4135 euim
495 4071 601 4136 miuus
617 4089 717 4136 suave
732 4055 817 4144 {aa}
835 4070 937 4135 visum
963 4075 1014 4136 est
1036 4077 1159 4154 poetae,
1190 4069 1275 4155 quod
1298 4068 1348 4134 bis
1370 4087 1427 4154 pu-

212 4189 310 4255 sitam
334 4212 354 4252 α
376 4187 522 4256 vocalem
545 4188 595 4254 bis
617 4189 730 4254 eadem
761 4207 942 4256 censensus
974 4194 1170 4275 sequeretur.
1217 4186 1308 4265 Quod
1331 4190 1358 4253 si
1380 4187 1430 4252 ita

213 4311 273 4386 est,
295 4326 359 4373 uon
381 4307 505 4385 dubito,
538 4307 672 4393 quinia
693 4307 750 4374 Bu.
775 4327 803 4374 v.
826 4307 891 4373 514
921 4325 987 4372 nun
1019 4301 1212 4384 ἀναβοάσας
1242 4324 1313 4371 eum
1337 4313 1366 4372 B
1387 4306 1426 4372 ii·
