3260 4742
620 254 1048 318 .-ὓ3.-.

165 425 276 511 μήτηρ
299 429 332 490 et
354 421 499 507 συλήσας
521 417 677 510 et‘'1triy‚
700 443 782 509 quae
804 428 913 492 statim
938 429 1160 511 insequuntur,
1185 429 1309 491 intaeta
1324 445 1373 487 re·

165 541 292 628 linquit.
335 541 559 607 Removendus
581 543 689 627 potius
719 551 769 608 est
798 545 960 611 dorismus
991 545 1025 610 in
1054 542 1193 632 ὀλοίμαν
1222 543 1372 620 verbo,e

168 660 316 742 oantiois,
342 659 514 746 inquibus
538 659 617 725 nihil
639 681 676 727 oo
699 661 853 727 usitatius
876 671 935 738 est,
958 683 1127 750 perperam
1159 662 1221 726 huo
1250 659 1371 726 illatus.

167 776 216 842 De
239 773 480 865 πολύχυτος,
504 780 589 864 quod
611 780 642 844 in
667 789 781 865 quarto
815 785 992 866 systemate
1022 781 1150 863 legitur,
1185 800 1237 866 pg.
1259 782 1301 844 22
1324 778 1374 843 di·

168 903 253 961 etum
277 903 336 963 est.

232 1047 422 1115 Difficillimi
443 1054 520 1115 sunt
540 1049 852 1154 wo·

233 1197 356 1266 Multus
370 1207 419 1266 est
431 1202 471 1267 de
486 1203 531 1268 eis
544 1201 727 1269 Dresselius
742 1223 794 1290 pg.
807 1207 859 1283 36,
881 1212 917 1272 ut
930 1224 985 1271 eos
1000 1208 1033 1270 in
1046 1208 1126 1271 dnas
1142 1209 1249 1290 partes
1263 1204 1374 1271 distri-

170 1315 312 1383 buendos
334 1338 405 1386 esse
427 1323 638 1404 demonstret,
661 1323 785 1390 60-68
801 1330 833 1390 et
851 1325 986 1402 69-96,
1005 1343 1139 1410 quarum
1158 1322 1248 1409 prior
1264 1329 1375 1389 eareat

169 1434 322 1514 dorismo
345 1438 461 1505 habeat
482 1440 593 1505 altera.
615 1440 816 1527 Quamquam
837 1444 910 1528 ipsa
928 1443 1007 1509 haee
1024 1444 1127 1510 altera
1138 1461 1215 1529 pars
1230 1461 1371 1508 eommu-

170 1553 264 1619 nibus
277 1554 390 1622 formis
404 1557 559 1634 abundat
573 1559 669 1626 hebet
683 1563 790 1649 μῆτερ
803 1582 832 1626 r.
846 1564 884 1628 71
901 1569 933 1628 et
945 1565 1007 1647 τήν
1023 1585 1049 1626 ν.
1068 1564 1117 1642 ts,
1132 1569 1164 1629 et
1175 1559 1305 1648 Θρῄκην
1317 1561 1374 1640 ib.,

169 1691 227 1756 pro
248 1694 309 1759 quo
332 1676 393 1742 etsi
413 1679 543 1744 minime
557 1676 636 1766 tipey'
645 1703 706 1743 κον
722 1700 793 1747 enm
806 1681 843 1748 G.
858 1681 1040 1748 Hermanno
1055 1690 1098 1758 (v.
1110 1702 1161 1768 pg.
1173 1682 1241 1763 27),
1261 1693 1295 1746 at
1308 1681 1371 1744 sal-

168 1799 233 1856 tem
248 1797 294 1882 Θρ
304 1791 324 1880 y‘
334 1819 394 1858 νον
409 1795 578 1862 dicendum
594 1803 674 1868 erat.
707 1800 908 1865 Aversantnr
920 1808 1024 1865 antem
1041 1824 1061 1862 a
1074 1801 1174 1864 etiam
1187 1820 1238 1865 νν.
1251 1801 1291 1864 73
1306 1817 1371 1883 sq.:

297 1959 334 2051 ἦν
360 1963 430 2054 περὶ
454 1965 566 2046 παιδὸς
589 1963 680 2057 ἐμοῦ,
703 1969 764 2035 τοῦ
788 1967 976 2058 σωζομένου
1001 1967 1089 2035 κατὰ
1112 1959 1254 2059 Θρήυννν,

297 2081 388 2171 α’μφὶ
413 2083 615 2174 Πολυξεῖνυς
636 2111 675 2152 τε
699 2088 798 2174 φίλης
817 2087 988 2178 θυγατρὸς
1009 2088 1048 2152 δι’
1072 2088 1207 2178 ὀνείρου,

168 2276 267 2343 qnare
291 2255 471 2324 Dresselins
494 2265 657 2324 eosatoto
679 2266 858 2344 systemate
881 2266 1017 2332 resecat,
1040 2261 1180 2345 dumque
1207 2259 1281 2322 huie
1304 2259 1374 2323 dia·
1483 2243 1490 2256 ’

169 2377 287 2442 lectum
310 2377 455 2444 doridem
479 2377 636 2448 coneedit,
679 2378 744 2443 illis
768 2377 874 2443 medio
898 2379 1067 2464 systemati
1098 2377 1302 2462 interpositis
1325 2381 1375 2440 at·-

170 2489 267 2560 tioan'r
292 2495 542 2562 conservandam
566 2517 635 2562 esse
659 2505 778 2562 censet.
808 2496 876 2562 Nee
899 2502 1008 2562 tamen
1030 2496 1141 2577 fugere
1163 2515 1235 2562 oum
1260 2495 1373 2581 potnit,

170 2615 350 2681 arctissime
368 2635 480 2681 versus
501 2615 681 2700 dactylicos
706 2634 779 2680 oum
801 2615 987 2702 anapaestis
1002 2617 1185 2696 cohaerere,
1207 2613 1247 2679 ab
1263 2615 1374 2699 eisque

169 2733 357 2812 domomum,
387 2734 532 2818 si,modo
562 2742 593 2798 et
624 2733 705 2819 ipsis
738 2744 839 2814 esset,
872 2734 1016 2820 reoipere
1048 2732 1214 2808 debuisse;
1252 2733 1375 2817 reeepit

168 2859 254 2918 certe
277 2877 297 2914 ο
321 2851 421 2924 simili
446 2853 485 2918 de
508 2871 607 2918 eausa
629 2850 764 2917 alterum
793 2851 1055 2918 hexametrorum
1078 2870 1155 2938 part
1189 2871 1237 2914 νν.
1263 2850 1302 2914 87
1324 2869 1373 2934 sq.

293 3013 377 3084 εἶδον
402 3017 465 3108 γὰρ
487 3018 614 3097 βαλιὰν
639 3016 768 3103 ἔλαφον
792 3018 898 3086 λύκου
922 3019 1031 3107 οἵμονι
1057 3019 1157 3109 χο’λᾳ

292 3138 519 3228 σφαζομένων,
543 3140 592 3204 olor
616 3139 700 3228 ἐμῶν
722 3137 874 3226 γονάτων
897 3143 1103 3206 σπαοθεῖσον
1127 3138 1272 3226 οἱνοῖγκᾳ.

506 3245 521 3284 1

171 3352 177 3370 .
249 3307 333 3374 Nam
355 3297 617 3397 reliqui'qnoqne
650 3331 761 3378 versos
790 3311 895 3379 dorici
927 3317 1013 3393 sunt,
1037 3312 1143 3398 etqui
1173 3312 1373 3399 praecedunt

164 3425 381 3506 hexametros,
404 3433 437 3495 et
459 3429 516 3518 qni
537 3432 757 3519 insequuntur.

191 3563 194 3571 ¹
247 3579 329 3646 Miro
351 3583 445 3648 modo
468 3582 657 3650 Althausins
681 3582 737 3664 (ΙΙ,
759 3603 811 3670 pg.
835 3529 866 3657 ἒ)
890 3603 1020 3652 carmen
1041 3586 1075 3651 in
1102 3584 1242 3670 quinque
1270 3588 1374 3670 syste-

163 3704 252 3764 mata
274 3698 404 3767 divisit:
853 3730 867 3750 ν

684 3831 712 3885 φ
822 3729 857 3796 ι
874 3689 1073 3826 41

164 3887 199 3964 a)
222 3906 272 3950 νν.
305 3887 447 3963 60-66.
482 3910 520 3954 ex
552 3889 708 3972 legitimis
748 3891 936 3977 anapaestis
971 3891 1184 3977 compositum
1214 3896 1247 3957 et
1276 3891 1374 3956 attiee

164 3997 175 4026 ⁸
205 4006 373 4090 scriptum,
395 4012 527 4092 praeter
549 4007 781 4099 διερειδομένα,
803 4009 890 4098 quod
912 4013 1026 4075 mutat.

166 4187 201 4272 b)
222 4191 359 4274 67-72,
382 4195 458 4262 item
481 4193 674 4294 legitimum,
704 4197 762 4264 sed
792 4197 899 4264 dorioe
925 4197 1116 4280 coloratum,
1146 4216 1217 4266 oum
1241 4203 1275 4265 et
1302 4217 1376 4264 ore·

207 4309 294 4398 petrei
319 4314 465 4468 rssp'ilgt
486 4317 594 4407 μῆτερ
618 4339 645 4382 ν.
664 4317 715 4544 ΞΙΟΙ
732 4315 871 4490 lpgatur.
914 4316 966 4384 En
988 4315 1126 4386 callidae
1140 4315 1302 4390 Althausii
1324 4337 1375 4382 ar·
