3260 4742
464 854 510 929 lle
536 825 789 952 anapaestum
817 855 958 976 dialecto
986 855 1112 930 dorida.
1151 968 1153 972 Ι

265 1073 375 1148 Omnis
398 1072 437 1138 de
450 1073 588 1139 dialecto
611 1075 797 1155 tragoediae
811 1093 948 1156 graecae
964 1074 1114 1160 quaestio
1135 1071 1327 1158 imperfecta
1342 1072 1387 1136 vi·

180 1190 296 1256 deatur
312 1211 443 1258 necesse
457 1195 517 1270 est,
534 1193 597 1259 nisi
610 1197 739 1278 praeter
751 1194 880 1259 cantica
894 1192 925 1257 ci
939 1212 1064 1278 quoquo
1079 1211 1189 1256 versus
1203 1191 1387 1256 accuratius

183 1311 419 1391 examinentur,
442 1309 498 1397 qui
510 1320 542 1376 et
554 1311 702 1397 rhythmo
716 1315 748 1376 et
762 1285 950 1393 argumento
966 1310 1109 1376 medium
1125 1309 1286 1395 quoddam
1305 1305 1388 1375 inter

181 1400 339 1514 lyrica'et
363 1429 509 1497 diverbia
537 1435 679 1495 teneant.
725 1430 844 1497 Versus
874 1432 957 1495 enim
991 1429 1159 1515 anapaesti
1181 1431 1317 1492 -'nam
1348 1426 1389 1491 de

181 1546 231 1612 his
253 1567 359 1632 pauca
380 1551 537 1615 disserere
558 1550 591 1614 in
613 1549 721 1614 animo
746 1556 795 1615 est
816 1586 858 1598 -
879 1531 1003 1614 tantum
1027 1549 1130 1618 abest,
1173 1551 1208 1611 ut
1232 1566 1307 1611 raro
1335 1543 1389 1610 hic

180 1665 247 1734 illic
269 1667 394 1733 melicis
415 1669 710 1750 intermisceantur,
753 1671 789 1732 ut
810 1675 880 1733 tota
893 1688 933 1733 ex
956 1668 1002 1732 eis
1023 1671 1201 1751 systemata
1223 1675 1255 1730 et
1276 1643 1388 1730 ex'lris

179 1804 293 1852 rursus
316 1791 388 1852 tota
410 1786 556 1851 carmina
577 1793 820 1871 componantur.
849 1785 940 1863 Quod
963 1786 1122 1869 imprimis
1144 1783 1388 1869 in‘Euripidem
1412 1813 1417 1895 p
1492 1799 1494 1805 ·

181 1904 278 1982 cadit,
300 1907 354 1992 qui
376 1913 412 1970 ut
433 1924 510 1991 prae
533 1905 649 1970 ceteris
672 1904 781 1970 multis
795 1903 967 1971 virtutibus
987 1901 1131 1990 excellit,
1153 1905 1186 1968 in
1202 1903 1389 1968 oeconomia
1414 1898 1419 1986 1

180 2041 263 2106 quae
287 2021 407 2088 dicitur
438 2023 759 2108 tragoediae-parum
783 2043 880 2090 curae
911 2024 1031 2110 posuit.
1043 2022 1069 2105 ¹)
1114 2021 1183 2099 Quo
1206 2023 1292 2088 enim
1315 2020 1389 2087 bro·
1411 1996 1418 2117 p*

180 2140 250 2204 vior
273 2149 322 2206 cst
342 2141 375 2206 iu
398 2143 543 2221 canticis,
566 2147 602 2208 11
623 2161 850 2228 nonnunquam
874 2141 1024 2225 angustia
1052 2142 1184 2226 spiritus
1216 2141 1319 2226 premi
1342 2134 1416 2243 1-1ὶ

180 2256 306 2338 deatur‚
328 2279 365 2325 eo
387 2259 621 2342 infatigabilior
641 2260 675 2324 11
687 2276 933 2347 anapaesrorum
948 2260 1135 2345 systematis
1158 2259 1289 2337 incedit,
1303 2257 1389 2323 haud
1412 2256 1417 2333 ,2

181 2393 254 2442 raro
276 2395 375 2465 usque
398 2380 439 2445 ad
460 2397 617 2445 nauseam
640 2380 686 2444 eis
708 2379 889 2462 indulgens.
1325 2449 1327 2454 ,

263 2496 408 2564 Dialeoti
429 2498 544 2564 horum
567 2517 719 2564 versuum
741 2498 825 2564 ratio
848 2497 969 2584 duplex
991 2502 1049 2563 est.
1081 2496 1160 2562 Cum
1176 2497 1258 2561 enim
1279 2517 1391 2578 corum.

178 2623 295 2683 natura
317 2621 349 2682 ct
379 2615 524 2683 diverbia
555 2617 692 2682 finitima
714 2618 757 2682 sit
778 2622 811 2682 61
835 2616 951 2682 melico
984 2617 1133 2696 carmini,
1166 2615 1389 2681 concedendus

179 2735 225 2800 eis
248 2740 353 2802 estet
386 2756 494 2803 merus
528 2735 582 2801 ille
614 2736 788 2802 atticorum
818 2734 983 2801 hominum
1007 2719 1131 2811 sermo,
1164 2754 1265 2819 neque
1298 2752 1389 2798 recu-

177 2853 300 2920 sandae
331 2856 415 2940 epici
447 2855 617 2942 dorioique
638 2853 798 2920 licentiae.
844 2852 935 2932 Quod
964 2851 1011 2918 ita
1034 2871 1105 2916 esse
1127 2841 1223 2916 facile
1247 2871 1286 2916 eu
1309 2872 1389 2936 qua-

178 2973 227 3037 vis
249 2969 414 3058 Euripidis
436 2971 548 3039 fabula
570 2973 724 3056 cognosci
744 2976 860 3059 potest.
904 2970 988 3036 Illud
1012 2990 1086 3035 vero
1110 2969 1285 3055 quaeritur,
1308 2971 1389 3035 siut-

179 3111 217 3157 uo
241 3096 351 3158 certae
384 3092 544 3178 quaedam
566 3091 665 3174 leges,
698 3091 814 3177 quibus
846 3091 1072 3155 discernantur
1094 3087 1237 3170 dialecti,
1260 3109 1302 3153 an
1324 3091 1391 3154 sint

177 3209 290 3292 attica,
312 3210 433 3290 dorica,
457 3211 552 3297 opica
574 3209 662 3276 nullo
687 3210 872 3276 discrimine
895 3210 979 3273 inter
1001 3227 1036 3271 se
1060 3209 1166 3273 mista.
1210 3207 1292 3274 Utra
1313 3227 1389 3292 pro-

172 3328 286 3396 banda
308 3327 474 3426 videretur
505 3327 621 3393 harum
652 3330 898 3406 sententiarum,
912 3415 916 3426 Ι
931 3326 1016 3392 haud
1043 3326 1176 3392 difficile
1199 3327 1389 3392 6166111111-

177 3446 296 3525 dicare,
319 3449 348 3513 si
370 3452 623 3532 anapaestorum
649 3467 796 3515 versuum
822 3468 899 3511 usus
922 3466 1004 3512 unus
1025 3464 1155 3531 semper
1183 3452 1280 3528 utque
1302 3445 1389 3510 idem

174 3571 347 3632 constaret.

260 3681 353 3749 Nunc
377 3704 453 3750 vero
477 3706 550 3752 cunr
574 3685 683 3750 variae
706 3688 772 3752 sint
793 3707 902 3751 eorum
937 3685 1149 3764 conditiones,
1184 3684 1327 3748 variatur
1358 3689 1389 3748 61
1412 3681 1418 3692 ’

175 3800 224 3866 liis
248 3802 482 3869 accomodatur
524 3807 622 3871 etiam
645 3805 720 3890 ipsa
743 3807 856 3871 oratio.
903 3804 1041 3870 Necesse
1073 3808 1124 3867 est
1146 3801 1253 3884 igitur,
1285 3803 1388 3887 prius·

172 3942 269 4008 quam
292 3922 549 4008 progrediamur,
583 3929 780 4010 anapaestos
804 3930 960 4010 quotquot
982 3929 1058 3988 sunt
1080 3922 1165 4008 apud
1189 3920 1388 4005 Euripidem,

173 4040 328 4124 indagaro
351 4047 457 4129 atque,
481 4042 508 4107 si
531 4043 600 4108 fieri
623 4043 713 4120 licet,
735 4043 768 4109 in
791 4049 913 4109 certum
938 4042 1096 4128 quendam
1129 4039 1275 4105 ordinem
1305 4041 1387 4106 redi·

247 4227 271 4296 1)
288 4226 437 4302 Εὐριπίδης
457 4229 478 4284 εἰ
498 4231 542 4283 καὶ
562 4231 594 4284 τὰ
616 4229 687 4284 ἄλλα
707 4233 744 4302 μὴ
765 4223 795 4286 εὖ
824 4227 969 4300 vicovarum,
997 4229 1068 4284 dlii
1098 4230 1310 4302 rpopruauaror
1336 4234 1389 4284 τῶν

169 4336 287 4394 ποιητῶν
308 4331 441 4391 deicerer.
463 4333 543 4384 11111.
563 4351 619 4399 pou.
642 4337 679 4384 la.
