3260 4742
642 253 937 322 -ll-

180 431 279 511 poeta
302 426 423 492 dixerit
445 431 477 493 et
502 427 777 516 στεφαναφοριά,
800 428 906 492 nolim·
925 431 1037 494 tamen
1061 419 1238 516 brry'eapor.
1270 427 1402 506 στεφα-

178 542 337 634 νηφόρος,
361 540 570 634 ξιφηφόρος,
591 542 793 633 χλοηφάοος
816 547 881 612 alia
907 556 1044 628 mutare,
1074 553 1130 614 aut
1154 567 1228 612 otum
1250 545 1401 612 Nauokio
1457 568 1462 584 ·

182 663 399 751 Sophocleum
423 661 595 740 ἑναβάλος
625 664 801 731 transferre
825 667 856 730 in
879 665 1071 752 Euripidem
1102 666 1238 751 expulso
1274 665 1400 747 vulgari

184 779 359 872 ἑκηβόλος.
392 782 430 849 ln
452 781 594 870 ηηηενης
617 797 723 850 autem
748 791 781 850 et
802 780 986 870 ηηηενετάς
1007 785 1149 850 fortasse
1174 784 1292 870 duplex
1315 809 1337 869 η
1359 786 1400 850 ad

181 902 379 969 servendum
402 929 420 988 η
444 901 556 980 veluit,
593 923 632 969 ne
655 922 772 989 aspera
792 902 899 969 vooali
922 929 942 967 α
966 904 1048 970 lenis
1071 928 1093 988 η
1115 923 1213 968 sonus
1241 903 1399 983 interiret,

181 1028 216 1088 et
237 1021 431 1088 assimilatio
455 1029 684 1107 quaevocatur
702 1022 946 1089 obtunderetur.
969 1023 1126 1089 Similiter
1149 1023 1247 1094 enim.
1270 1029 1306 1088 nt
1316 1021 1400 1087 vidi-

183 1160 266 1222 mus,
299 1131 492 1226 εὐηάθητος
514 1148 547 1207 et
570 1132 720 1226 εὐηαθάς
743 1139 873 1222 dicitur,
905 1148 939 1206 et
962 1141 1055 1207 abest
1079 1167 1098 1204 α
1123 1141 1303 1240 οηὲηηθα
1325 1161 1400 1228 per-

180 1259 279 1326 feeto.
1072 1326 1075 1331 .

268 1377 336 1443 lem
351 1397 425 1444 vero
448 1378 489 1444 ed
503 1400 573 1445 eom
587 1378 721 1443 dorismi
732 1397 827 1443 usum
845 1379 1001 1457 venimus
1025 1400 1119 1466 quem
1143 1380 1182 1446 ab
1195 1379 1352 1466 Euripide
1366 1379 1398 1445 in

183 1495 322 1562 flexione
345 1503 377 1563 et
398 1496 490 1564 verbi
513 1503 544 1562 et
567 1497 709 1562 nominis
728 1497 904 1562 admissum
927 1517 999 1563 esso
1021 1500 1232 1581 cognorimus
1254 1503 1287 1564 et
1308 1499 1400 1566 ouius

183 1617 266 1682 ratio
289 1615 384 1698 longe
407 1616 510 1681 distat
533 1636 553 1681 a
576 1614 712 1682 dorismi
736 1615 770 1680 in
793 1615 949 1703 stirpibus
971 1617 1109 1682 ratione.
1140 1615 1271 1683 Etenim
1293 1617 1328 1681 in
1348 1615 1399 1682 his

181 1735 362 1800 uerendum
385 1734 449 1800 fuit
470 1741 607 1820 poetae,
650 1753 691 1800 no
717 1735 831 1820 quovis
855 1759 873 1821 η
896 1735 930 1798 in
955 1759 974 1796 α
999 1752 1154 1801 converso
1184 1736 1271 1822 apud
1298 1735 1400 1802 Atbe-

183 1854 312 1920 nienses
336 1851 532 1930 offenderem
556 1859 785 1938 nonunquam,
809 1857 844 1918 ut
866 1852 906 1918 de
929 1852 1027 1918 verbo
1041 1855 1179 1938 primum
1203 1873 1309 1936 agam,
1331 1855 1401 1920 fieri

183 1973 328 2057 potuisse
360 1973 469 2051 oredo,
502 1983 538 2038 ut
568 1973 601 2036 in
626 1971 691 2036 ullo
716 1970 815 2037 verbo
848 1971 1009 2038 donemus
1044 1972 1084 2037 ob
1117 1973 1188 2038 soni
1220 1965 1400 2038 noritbtem

181 2096 402 2176 sperneretur.
446 2091 498 2157 Ad
527 2089 665 2157 similem
698 2091 782 2156 enim
817 2091 925 2157 omnia
958 2089 1120 2176 syllabam
1142 2109 1182 2157 ea
1204 2091 1320 2158 cedere
1343 2111 1400 2158 ne-

180 2227 273 2275 eesse
296 2214 357 2291 est,
382 2209 450 2276 sive
475 2211 515 2274 ad
536 2197 627 2291 ἶσαι,
650 2211 719 2277 sive
741 2197 827 2284 αἶα,
860 2213 929 2278 sive
960 2199 1400 2296 ffisivequamvisaliem,

180 2348 285 2414 neque
308 2329 416 2416 potuit
437 2329 469 2393 in
493 2331 592 2395 verbo
614 2331 764 2416 quamvis
786 2331 919 2398 insolito
943 2330 1188 2398 insolitevidori
1214 2330 1311 2396 otiam
1335 2337 1399 2396 ter-

180 2448 330 2513 minatio.
354 2499 356 2504 ,
374 2447 478 2513 Abest
500 2454 616 2526 eutem,
639 2447 668 2512 si
689 2449 847 2514 librorum
868 2451 1027 2516 rationem
1046 2449 1212 2532 babemus,
1235 2448 1399 2515 dorismus

179 2565 224 2631 ab
246 2566 297 2631 bis
319 2571 446 2632 tantum
470 2567 600 2631 formis:

180 2681 491 2774 ἐξαμιλλησάμενος
511 2683 581 2751 Hel.
608 2687 667 2752 165
691 2687 778 2770 (cod.
793 2692 846 2762 Gi:

437 2799 474 2870 dv
498 2800 711 2885 (Ὑάκινθον)
738 2802 1045 2894 ἐξαμιλλησάμενος

436 2919 556 3012 τράχον
579 2923 737 3014 άτὲςιμονι
764 2925 877 2989 δίσκου

437 3038 533 3107 ἔκανε
557 3043 687 3122 Φοῖβος.

177 3157 352 3247 άλάληντο
379 3160 483 3227 Andr.
505 3161 587 3227 305:

434 3277 603 3370 μόχθους,
627 3275 681 3359 σάς
702 3253 793 3371 άμφὶ
818 3283 940 3364 Τροίαν

435 3399 578 3479 δεκέτεις
599 3396 774 3489 ἀλάληντο
799 3400 863 3467 νέοι
888 3399 1041 3490 λόγχαις.

262 3519 381 3586 Versus
404 3517 577 3608 anapaesti
599 3524 685 3602 sunt,
709 3522 764 3587 sed
788 3520 882 3608 lyrici
905 3528 939 3588 et
962 3521 1129 3608 strophioi.

175 3637 276 3723 βήσει
299 3637 322 3704 l.
345 3637 382 3706 T.
404 3641 488 3706 1108
511 3638 623 3724 (codd.
646 3645 741 3717 B0l:

525 3756 581 3847 ἐμὲ
604 3757 632 3822 d'
657 3749 763 3824 αὐτοῦ
788 3757 935 3825 λιποῦσα
959 3760 1059 3845 βήσει

527 3875 652 3965 1οόἑλιόις
673 3873 826 3962 πλάταις.

173 3989 300 4082 ἔβησαν
324 3995 380 4062 Ba.
404 3995 468 4062 902
492 3995 579 4082 (cod.
603 3997 656 4082 B):
755 4009 758 4016 '

543 4119 578 4179 ul
600 4114 660 4204 μὲν
684 4115 744 4200 (se.
769 4113 907 4202 ἐλπίδες)

542 4232 746 4302 τελευτῶσιν
770 4232 802 4300 ἐν
817 4229 915 4320 ὄλβῳ

540 4355 684 4444 βροτοῖς,
708 4357 743 4419 αἱ
765 4353 791 4418 d'
814 4353 998 4444 ἆτὲβησαν.
