3260 4742
647 253 938 315 ..51.„

198 429 266 489 tum
290 433 435 509 usurpat,
459 425 513 490 ubi
535 443 598 489 uon
623 432 673 491 est
694 425 778 490 inter
801 421 908 508 plures
933 421 1124 499 diverbium‚
1147 424 1203 489 sed
1226 427 1330 492 oratio
1354 432 1408 495 uui

198 562 356 629 personae
381 545 599 608 continuatur.
643 541 836 627 Plerumque
860 543 976 606 einen
1008 543 1137 624 singuli,
1172 547 1230 611 sed
1254 547 1321 613 bini
1343 555 1407 614 ter-

198 663 271 727 niue
293 663 482 742 inferuntur,
504 669 600 727 utne
623 668 691 727 tum
714 662 841 747 quidem
865 662 928 746 ipsi
950 661 1034 726 inter
1065 681 1177 726 versus
1207 662 1327 747 lyrioos
1350 671 1406 732 sed

199 780 232 844 lui
253 763 343 846 inter
366 780 441 846 illos
474 780 636 846 interiecti
665 798 735 844 esse
770 779 948 850 videantur.
994 779 1054 856 Qui
1083 781 1223 846 trimetri
1254 784 1407 852 facillime

200 903 426 980 agnoscuntur,
450 917 520 964 eum
543 896 769 984 antistrophioi
790 905 882 976 sunt;
916 918 1002 980 narn,
1023 897 1057 962 id
1088 901 1172 983 qnod
1206 902 1323 965 mirum
1347 911 1406 985 est,

200 1035 240 1082 ua
263 1017 295 1082 in
318 1015 376 1082 ltos
399 1018 527 1104 quidem
551 1038 683 1083 severae
707 1016 794 1082 illius
816 1016 1036 1103 responsionis
1059 1016 1111 1082 lex
1134 1020 1232 1084 cadit.

284 1135 319 1200 ln
341 1135 439 1222 Hipp.
461 1155 511 1202 vv.
534 1137 701 1202 813-824
722 1163 763 1193 =
785 1135 953 1200 831-842
975 1137 1058 1200 inter
1087 1135 1255 1202 doolrmios
1290 1143 1319 1205 lui
1351 1144 1408 1206 tri-

201 1256 292 1320 metri
316 1261 406 1320 sunt:
430 1277 458 1321 v.
481 1257 543 1322 815
565 1275 613 1340 sq.

457 1369 497 1450 (ὅς
518 1398 573 1462 μοι
598 1374 721 1461 βαρεῖα
745 1369 799 1436 καὶ
823 1367 935 1461 δόμοις
957 1370 1154 1462 ἐποστοίθομ,

456 1489 547 1580 κηλὶς
569 1488 743 1582 ἄφραστος
765 1490 802 1572 ἐξ
824 1486 1021 1580 ἀλαστόρων
1046 1491 1142 1571 τινός,

202 1611 265 1695 qui,
289 1610 318 1675 si
339 1610 538 1696 syllabarum
561 1601 773 1697 quantitatem
797 1618 935 1696 spectes
970 1632 1034 1675 nou
1057 1633 1139 1678 eon‘r
1120 1623 1240 1695 rerunt
1264 1635 1336 1680 oum
1361 1641 1409 1684 vu.

201 1727 264 1794 833
288 1747 333 1814 sq.
358 1731 460 1796 attroa
480 1729 592 1811 lungun
616 1737 778 1816 consorrp
780 1750 824 1795 rs
869 1731 927 1813 τῆς
950 1733 1005 1813 oq·
1039 1730 1191 1820 σπεωμ)
1168 1759 1208 1812 ι,
1242 1734 1414 1868 φιλτάτμς

202 1844 385 1935 &pelleget
371 1843 580 1925 territantur
568 1845 663 1936 gqelp
685 1845 828 1935 μᾶλλον,
852 1845 1099 1934 ⁸lucrua'OSltoo.

286 1966 422 2033 Prorsus
444 1967 531 2033 rdem
554 1967 780 2052 consprortur
773 1987 806 2033 rn
828 1969 952 2053 819sq
976 1967 1164 2054 (τῆσδε);
1191 1972 1251 2037 837
1271 1976 1412 2064 sqlpa-
1542 1971 1546 1981 ’

202 2085 277 2172 την)
300 2093 332 2152 et
353 2086 415 2151 823
446 2106 493 2172 sq.
522 2079 660 2167 (Ἃιδου)
688 2115 721 2142 =
748 2088 807 2151 841
840 2107 886 2172 sq.
917 2081 1070 2174 (τλητόν,
1103 2086 1312 2178 ἀπωλόμην),
1342 2099 1410 2160 tum

203 2203 236 2268 in
250 2203 303 2298 dr.
326 2204 467 2291 strophis
492 2205 699 2273 1345-1358
725 2233 758 2262 =
788 2207 1005 2284 rote-1558,
1027 2208 1082 2273 ubi
1104 2209 1182 2274 bina
1206 2211 1303 2277 habes
1324 2235 1412 2280 coru-

202 2323 345 2388 munium
367 2324 587 2389 trimetrorum
610 2325 712 2410 pario,
746 2326 828 2390 1348
863 2347 909 2410 sq.
936 2354 969 2382 Ξ
998 2327 1078 2392 1548
1109 2349 1167 2413 εις,
1190 2339 1222 2394 et
1252 2334 1334 2398 1352
1364 2355 1413 2420 sq.

206 2467 239 2497 =
265 2441 346 2507 1552
369 2461 416 2528 sq.

285 2561 414 2647 Optime
436 2563 536 2626 totius
558 2561 603 2628 rei
626 2566 709 2629 ratio
733 2583 750 2626 e
777 2561 911 2646 Phrugis
940 2569 1143 2633 enarratione
1174 2569 1226 2634 Or.
1258 2594 1307 2634 uu.
1334 2575 1416 2637 1345

201 2700 271 2767 sqq.
294 2675 508 2762 cognoscitur.
554 2682 642 2759 Quae
664 2701 735 2745 oum
761 2689 796 2745 ut
818 2688 866 2746 tot
889 2683 971 2748 aliaue
995 2685 1179 2750 nuntiorum
1211 2695 1413 2757 narrationes

200 2800 272 2866 unis
294 2801 452 2866 trimetris
476 2800 602 2885 concipi
624 2805 748 2886 posset,
771 2803 908 2867 terroris
932 2803 1123 2884 magnitudo
1155 2805 1263 2889 efficit,
1287 2816 1321 2873 ut
1344 2831 1413 2875 ser-

134 2957 138 2966 ·
200 2937 259 2983 vus
282 2918 494 2985 viridioribus
517 2924 550 2984 ot
581 2919 688 2985 uerbis
713 2927 745 2984 et
767 2922 909 2984 numeris
942 2925 1080 2986 immane
1111 2925 1235 2991 Orestis
1266 2927 1413 3012 Pyladis-

200 3056 261 3120 que
284 3039 409 3103 lacinus
432 3037 604 3102 describat.
648 3037 760 3124 ltaque
784 3058 841 3124 pro
865 3041 961 3104 meris
985 3043 1140 3107 trimetris
1162 3064 1291 3110 carmen
1311 3052 1413 3132 quod-

200 3155 274 3220 dam
296 3155 433 3242 lyricum
457 3155 621 3234 habemus,
644 3157 675 3222 in
702 3179 765 3244 quo
789 3159 956 3243 praevalet
978 3170 1086 3224 tauron
1115 3162 1273 3228 iambicus
1302 3165 1413 3250 rhytlr-

199 3294 283 3354 runs,
303 3295 407 3362 nequa
431 3277 547 3341 desunt
567 3275 716 3342 trimetri.
761 3277 812 3342 Ad
823 3275 883 3341 hos
905 3285 1070 3365 tamquam
1093 3300 1153 3344 sua
1175 3291 1288 3367 sponte
1305 3305 1413 3350 reuer-

198 3393 277 3458 titur
299 3397 402 3461 oretio
426 3396 458 3472 in
482 3416 531 3460 vv.
557 3397 646 3468 1406,
672 3398 754 3462 1442
772 3415 830 3482 sq,
855 3399 934 3462 1471
959 3399 1028 3476 (ubi
1059 3399 1190 3488 δέρην),
1216 3404 1306 3484 1476,
1332 3408 1412 3473 1477

198 3511 464 3602 (βοηδρομοῦμεν
486 3522 519 3580 et
538 3514 679 3598 στέγος),
702 3513 795 3599 1479,
820 3485 911 3600 1483,
935 3517 1028 3601 1492,
1052 3520 1143 3584 1506.

282 3630 380 3697 Aliud
402 3633 583 3718 exemplum
613 3633 747 3699 Medeae
769 3655 820 3700 vu.
857 3637 1065 3701 1267-1281
1096 3646 1180 3720 eruut,
1211 3641 1265 3706 ubi
1299 3643 1415 3710 chorus

198 3749 365 3816 dochmios
388 3749 437 3816 luis
461 3751 602 3817 alternat
623 3753 783 3819 trimetris
808 3753 889 3820 1273
911 3774 982 3840 sq:

497 3868 569 3936 'lvd
592 3873 751 3959 μανεῒσαν
775 3869 810 3936 ἐκ
832 3875 932 3952 θεῶν,
958 3868 1011 3938 6¹9³
1047 3873 1067 3960 ἡ
1092 3877 1169 3954 Διός

501 3985 611 4080 δάμαρ
635 4015 681 4054 νιν
706 3987 878 4080 ἐξέπεμψε
903 3992 1067 4082 δωμάτιον
1092 3991 1174 4082 ἅδος.

283 4111 361 4175 1277
386 4130 440 4194 sq:

410 4229 530 4316 ἀκτῆς
552 4221 773 4320 δπερτείιασα
796 4234 933 4310 ποντίας
955 4231 1041 4298 πόδα

408 4350 497 4418 δυοῖν
522 4375 559 4417 τε
582 4353 711 4418 παίδοιν
737 4353 937 4420 ουοῖδανοῦο
959 4352 1166 4422 olerdula-reu.

1214 4529 1253 4594 4*
