3260 4742
638 179 934 251 ,ῃ-

264 348 443 444 Neglegere
465 350 545 420 boec
566 349 658 420 licuit
680 351 718 424 G.
732 349 930 422 Hermanno.
954 349 1073 435 qnippe
1096 351 1152 438 qui
1175 371 1284 421 veram
1307 353 1397 419 codi-

176 485 249 536 cum
274 466 434 544 rationem
456 468 600 536 nondum
624 473 833 562 perspectum
855 465 973 534 lrub'ere
995 471 1124 552 posset,
1156 486 1220 532 non
1243 487 1321 540 vero
1341 469 1396 544 do·

178 581 320 652 buerunt
339 583 542 662 Altbeusius,
564 580 764 664 Dresselius.
786 581 989 664 Schneferus,
1012 581 1068 667 qui
1090 583 1157 648 iem
1179 583 1267 649 edito
1281 583 1397 660 Kircb·

176 698 265 766 boflii
287 699 371 776 libro
393 699 427 776 in
451 699 638 776 Dorismum
659 701 866 786 inquisivere.
900 697 974 784 Qui,
994 699 1022 763 si
1047 717 1158 764 verum
1181 702 1322 785 quoeris,
1344 701 1394 776 ui·

176 815 222 890 bil
244 814 334 884 uliud
357 821 504 912 egerunt,
526 815 590 894 nisi
612 835 662 894 cn,
686 834 767 902 quoe
789 816 845 882 ill'e
868 814 1090 901 compluribus
1112 814 1195 882 loeis
1208 789 1324 890 'obiter
1343 823 1393 890 ot.

174 931 307 1014 tigerat,
330 933 515 1007 eccuretins
537 933 766 1003 examinarunt
788 931 970 1015 erlongus
992 933 1157 1016 persecuti
1180 939 1266 1000 sunt
1310 933 1396 1018 Quid

175 1054 284 1117 eutem
307 1049 379 1138 ipse
402 1027 554 1124 sentiret.
577 1049 616 1118 G.
670 1048 877 1124 Hermunnus
908 1048 943 1115 in
964 1047 1069 1132 praef.
1102 1048 1181 1124 Hoc,
1203 1069 1258 1142 pg.
1281 1052 1324 1119 74
1345 1050 1395 1124 bio

175 1166 285 1234 verbis
307 1167 469 1255 exposuit:
514 1165 628 1250 „Quis
652 1167 767 1259 inquit,
790 1165 850 1231 boe
872 1171 996 1231 temere
1018 1165 1141 1232 tectum
1163 1182 1235 1232 esse
1253 1167 1396 1234 arbitro·

176 1282 264 1350 bitur
284 1287 338 1365 (ut
358 1284 471 1351 dorico
496 1308 516 1346 α
538 1279 657 1364 tragici
686 1284 870 1364 uterentur)
897 1301 1001 1368 neque
1033 1286 1122 1347 certa
1151 1279 1291 1368 quodam
1323 1283 1395 1367 lege

175 1406 209 1466 et
229 1399 438 1469 conditione?
482 1400 571 1479 Qune
593 1398 647 1466 lex
670 1400 830 1465 undenum
854 1399 958 1484 possit
978 1397 1059 1488 erui,
1081 1397 1144 1464 nisi
1166 1417 1207 1464 ex
1229 1418 1268 1465 ee
1283 1419 1394 1480 ceusu,

176 1520 431 1616 propterquam
454 1517 585 1582 omnino
607 1517 642 1582 in
672 1514 851 1598 tragoediis
873 1512 1045 1581 adhibetur
1075 1513 1189 1596 dorice
1209 1514 1394 1584 dialectust

175 1629 271 1704 Putet
291 1641 400 1702 sutem
423 1634 459 1701 id
481 1623 706 1722 flerl'prepter
723 1631 826 1699 enimi
838 1631 1096 1715 commotionem,
1119 1651 1274 1720 quaeque
1289 1635 1395 1701 mutor

175 1756 235 1828 est,
257 1771 296 1818 eo
318 1751 424 1834 mugio
446 1751 583 1837 requirit
604 1751 810 1833 grandiorem
832 1755 935 1835 utque
951 1749 1197 1815 insolentiorem
1218 1750 1394 1820 formum.“

258 1865 373 1934 Refert
394 1868 494 1950 igitur
517 1867 555 1932 G.
566 1866 774 1932 Hermonnus
794 1866 903 1932 omniu
923 1868 967 1933 od
989 1866 1099 1946 πάθος
1120 1888 1162 1935 ex
1174 1888 1275 1956 eoque
1287 1869 1393 1954 legem

173 1982 385 2070 repetendum
409 2002 481 2049 esse
503 1990 623 2049 censet.
668 1981 734 2050 Sed
767 1983 863 2050 tuelle
885 1984 990 2071 quivis
1012 1985 1192 2068 intellegit,
1223 2007 1320 2074 quem
1352 2010 1392 2057 ea

174 2100 302 2166 rotinus
323 2099 374 2167 rel
395 2099 573 2170 incertiore
594 2099 730 2178 reddet,
753 2119 835 2189 quoe
857 2101 925 2166 iem
956 2099 1083 2168 incerte
1114 2109 1197 2170 sunt.
1242 2107 1326 2173 Num
1356 2113 1393 2174 ut

174 2217 313 2297 mittum,
335 2217 384 2285 sic
405 2216 516 2284 omniu
538 2215 578 2284 de
599 2215 735 2303 proprln
759 2217 914 2305 cuiusque
936 2223 1056 2285 nutura
1079 2219 1264 2306 dependere
1293 2229 1395 2312 utque

173 2333 242 2401 iore
263 2335 335 2403 sine
356 2335 471 2411 dnbio.
494 2341 531 2403 ut
552 2333 625 2402 uliis
647 2335 713 2401 ulio
734 2334 931 2420 probentur:
958 2331 1016 2436 ¹vel
1037 2335 1292 2425 uniuscuiusque
1320 2343 1392 2430 nni·

173 2472 245 2522 mus
266 2461 365 2540 prout
384 2453 538 2535 eflicitur,
561 2453 692 2519 diverso
714 2447 854 2520 diuersis
876 2451 1081 2542 temporibus
1093 2453 1257 2530 decernet,
1279 2477 1392 2550 veren-

172 2571 311 2659 dumque
334 2572 405 2650 erit‚
429 2591 468 2638 ne
490 2589 561 2637 cnm
585 2569 749 2636 nobismet
769 2569 861 2654 ipsis,
881 2570 1000 2636 nedum
1023 2591 1096 2638 cnm
1120 2569 1211 2652 ullis,
1233 2581 1390 2661 perpetuo

170 2687 347 2772 litigemus.
391 2687 427 2754 Id
450 2688 570 2754 eccidit
591 2686 688 2753 etiem
711 2683 749 2752 G.
772 2685 969 2753 Hermanno.
1013 2687 1096 2754 llam
1129 2689 1158 2754 sl
1190 2691 1263 2773 quls
1295 2683 1390 2758 Euri·

172 2803 261 2892 pidis
292 2803 431 2880 rabulas,
454 2803 566 2890 qnules
595 2822 636 2869 ex
665 2801 753 2868 illius
784 2803 974 2870 recensione
1001 2804 1210 2890 prodierunt,
1230 2804 1409 2892 perleget·

170 2925 275 2991 virum
298 2943 459 2993 summum
482 2919 719 3003 deminabitur,
741 2920 827 3008 quod
855 2923 925 2986 turn
953 2937 1050 3010 coepe
1072 2918 1152 2986 iecit
1179 2923 1390 3005 contrarium,

170 3041 225 3108 ubi
247 3041 357 3127 potuit
377 3041 481 3118 idem,
502 3044 560 3105 unt
580 3040 685 3118 idem,
708 3037 763 3104 ubi
786 3035 880 3103 nobis
914 3035 1114 3103 ennosrinm
1145 3038 1311 3104 videretur
1337 3039 1389 3105 fu·

171 3157 319 3224 ciendum
342 3175 426 3224 esse.
468 3155 503 3222 Si
524 3155 587 3223 init
607 3173 721 3222 revere
743 3149 865 3236 πάθος,
895 3152 982 3238 qnod
1009 3151 1046 3218 in
1073 3151 1212 3220 euticis
1240 3154 1388 3222 doricum

171 3297 193 3336 α
215 3279 380 3360 tumqncm
403 3271 607 3339 distribuerit
628 3276 726 3356 atque
747 3269 951 3338 moderatum
973 3268 1027 3348 sit,
1049 3273 1172 3354 quomo
1183 3269 1301 3338 melius
1316 3271 1389 3352 retr,

170 3407 255 3474 qune
275 3386 370 3454 libris
391 3388 565 3456 truduntur
585 3405 625 3454 oo
646 3386 756 3453 omniu
777 3403 927 3464 servare,
950 3403 1048 3470 quum
1068 3384 1176 3470 ipsine
1196 3403 1312 3466 ceusu,
1335 3387 1387 3456 iu·

170 3503 242 3569 dics
263 3503 394 3570 minime
415 3505 553 3587 integro,
574 3503 670 3569 modo
692 3521 822 3584 negare,
843 3501 940 3568 mode
961 3506 1141 3568 autumare.

271 3620 435 3705 Imprimis
468 3638 546 3686 vero
590 3617 627 3686 G.
649 3619 856 3685 Hermunnus
886 3619 921 3684 in
947 3620 1053 3703 prael.
1074 3615 1154 3684 Hoc.
1174 3637 1229 3704 pg.
1251 3620 1294 3685 'lt
1323 3625 1386 3686 boc

171 3734 349 3806 discrimen
370 3734 572 3804 intercedere
595 3734 739 3821 putavit,
762 3733 854 3802 utin
876 3733 1024 3802 uersibus
1045 3733 1190 3817 melicis,
1212 3734 1247 3802 in
1270 3733 1386 3822 ducty·

170 3849 254 3928 licis,
274 3851 310 3918 in
330 3850 530 3918 dochmiecie
551 3869 680 3936 semper
702 3851 819 3933 tragici
841 3847 954 3918 Dorici
985 3849 1173 3930 existerent,
1206 3852 1314 3920 miuus
1335 3861 1385 3923 tu·

169 3987 254 4049 rnen,
274 3974 310 4033 nt
331 3968 379 4033 sit
399 3964 444 4031 nd
465 3964 522 4032 Be.
544 3987 574 4034 v.
596 3967 671 4046 903,
693 3965 727 4034 in
747 3965 925 4052 glyconeis,
948 3967 1137 4052 praesertim
1162 3965 1220 4036 ubi
1239 3968 1386 4042 sedulior

168 4091 203 4151 et
223 4081 428 4171 tranquillior
449 4089 546 4150 esset·
560 4083 676 4150 oratio.
1280 4135 1283 4142 .

253 4197 344 4266 Hunc
364 4206 401 4265 nt
422 4201 456 4268 in
478 4199 628 4267 omnibus
649 4197 836 4286 Euripideis
868 4195 990 4267 tubulis
1019 4197 1168 4280 vuleunt,
1187 4217 1386 4288 magnopere
